3196 3930
1650 269 1680 321 2

512 403 679 466 elegiae
711 403 941 453 secundam
973 403 1148 451 secundi
1178 405 1301 463 libri,
1331 405 1524 450 Cornuto
1555 421 1649 449 cum
1681 407 1842 450 recenti
1872 421 2004 450 uxore
2032 404 2234 450 natalicia
2268 408 2344 450 sua
2372 407 2521 463 agenti
2551 407 2814 467 inscriptam.

511 478 636 521 Posci
667 492 761 520 eam
794 476 876 520 hoc
911 476 1028 531 loco;
1058 490 1159 519 nam
1179 490 1275 519 cum
1305 476 1458 518 illicito
1489 478 1533 517 et
1563 475 1797 518 libidinoso
1827 476 1963 518 amori
1985 475 2237 519 indulsisset
2266 473 2475 532 Sulpicia,
2505 478 2591 522 nisi
2620 479 2815 535 inceptos

509 545 770 602 hymenaeos
799 545 1050 599 sequeretur
1072 543 1315 599 legitimum
1348 542 1598 597 conubium,
1639 542 1898 597 flagitiosam
1919 557 2009 585 rem
2040 543 2133 585 fore
2163 545 2491 598 stuprosamque
2511 548 2556 587 et
2574 546 2812 602 indignam,

509 627 619 670 quae
633 614 688 656 ab
708 613 894 655 honesto
909 613 1038 667 poeta
1052 611 1350 654 celebraretur.
1391 609 1550 651 Audite
1565 624 1643 651 uos
1650 642 1662 663 ,
1678 610 1933 664 quicumque
1949 611 2107 652 amoris
2118 611 2393 664 praeconium
2408 613 2679 668 suscepistis,
2709 612 2814 668 quid

510 683 738 737 sequentes
775 678 1058 722 uerecundiae
1095 679 1140 721 et
1175 678 1407 733 pudicitiae
1449 678 1632 732 speciem
1679 692 1850 720 seruare
1887 677 2075 733 possitis.
2134 676 2381 720 Praedicate
2414 677 2594 722 Veneris
2632 679 2814 736 gaudia3

510 749 707 803 quamuis
738 746 943 799 delicata,
973 745 1170 799 quamuis
1201 745 1361 786 lasciua
1391 745 1480 786 sint
1508 746 1708 798 poemata
1734 747 1902 799 uestra,
1932 745 1969 787 si
1998 745 2044 787 in
2074 745 2234 787 iustum
2269 745 2538 800 peccantium
2567 747 2815 803 coniugium

511 815 714 869 exiefint,
745 813 890 856 omnia
920 813 1137 866 excusata,
1175 811 1320 854 omnia
1349 812 1497 854 sancta
1526 812 1667 854 erunt.
1727 809 1990 866 Quamquam
2030 825 2182 854 uereor
2217 825 2272 854 ne
2308 825 2388 854 uos
2424 813 2595 869 contra,
2624 828 2714 857 non
2742 828 2815 857 na-

511 881 695 924 turalem
726 882 769 923 et
799 893 1028 923 uenereum
1060 892 1250 921 amorem
1281 879 1328 920 in
1356 877 1586 933 poematis,
1617 877 1692 919 sed
1722 876 1767 919 id
1797 877 1969 920 demum
1998 877 2220 921 inhonesti
2248 878 2410 934 aliquid
2426 878 2585 922 habere
2600 882 2814 935 statuatis,

512 949 547 990 si
579 948 675 1003 quis
703 949 951 1002 praeceptas
981 945 1247 988 matrimonii
1276 945 1522 1000 uoluptates
1552 947 1597 986 et
1625 947 1824 999 sponsale
1853 943 2069 999 quoddam
2105 947 2301 1001 stuprum
2339 945 2632 990 celebrauerit.
2691 947 2815 999 Quod

512 1017 549 1060 si
587 1017 701 1058 recte
739 1014 998 1068 statueritis,
1039 1014 1089 1055 ut
1126 1011 1286 1064 facitis,
1319 1015 1393 1054 aut
1422 1010 1475 1054 ad
1504 1011 1774 1066 coniugium,
1815 1011 1940 1066 quale
1968 1010 2025 1066 11,
2055 1012 2083 1053 2
2111 1012 2390 1067 proponitur,
2420 1014 2496 1055 aut
2523 1013 2576 1055 ad
2606 1014 2815 1057 furtiuum

512 1083 808 1137 concubitum,
839 1082 913 1137 qui
936 1080 1011 1133 IV,
1030 1081 1053 1122 7
1085 1079 1321 1135 indicatur,
1351 1094 1441 1121 rem
1473 1094 1498 1121 a
1527 1078 1701 1122 Tibullo
1733 1079 1883 1121 deduci
1913 1080 2103 1134 potuisse
2132 1081 2353 1135 sequatur,
2383 1079 2438 1122 ad
2468 1083 2696 1137 utrumque
2726 1097 2815 1124 non

510 1152 715 1207 potuisse.
777 1151 965 1205 Optione
994 1148 1132 1204 igitur
1160 1147 1262 1191 data
1291 1146 1504 1203 eligendi,
1536 1149 1632 1191 utra
1661 1147 1891 1190 amatoriae
1920 1145 2092 1191 fabulae
2121 1147 2310 1191 clausula
2328 1148 2393 1191 uti
2422 1148 2565 1205 malit,
2595 1163 2690 1194 cum
2720 1150 2814 1194 aliis

513 1220 565 1261 de
596 1220 759 1272 causis,
798 1230 903 1272 quas
941 1229 1071 1271 supra
1101 1215 1394 1270 exposuimus,
1433 1214 1534 1257 libri
1563 1214 1626 1257 IV
1656 1229 1826 1257 carmen
1856 1215 1881 1257 7
1911 1227 1937 1255 a
1966 1213 2225 1257 Tibullianis
2262 1215 2569 1259 secernendum
2604 1217 2814 1273 uideatur,

511 1299 601 1326 non
631 1283 804 1335 dubito,
834 1282 938 1337 quin
969 1281 1187 1337 Gruppius
1224 1281 1401 1324 alteram
1433 1281 1661 1324 clausulam
1693 1281 1769 1335 (11,
1800 1281 1844 1335 2)
1886 1281 2155 1336 praelaturus
2192 1295 2324 1336 eaque
2361 1296 2447 1324 una
2489 1283 2688 1326 satisfieri
2732 1285 2815 1327 sibi

512 1352 784 1394 confessurus
815 1350 886 1393 sit.
946 1348 1045 1404 Ego
1090 1363 1213 1403 uero,
1262 1349 1429 1390 etiamsi
1475 1348 1699 1403 epistolam
1745 1349 1863 1390 illam
1909 1348 1978 1389 die
2021 1348 2155 1390 natali
2199 1347 2251 1390 ad
2283 1346 2524 1392 Cornutum
2561 1349 2702 1393 datam
2732 1351 2815 1394 huc

511 1418 662 1460 referri
691 1431 818 1472 posse
848 1416 1098 1468 concedam,
1141 1419 1286 1457 tamen
1319 1416 1422 1457 illud
1456 1416 1633 1457 omnino
1663 1429 1752 1456 non
1782 1416 1990 1468 concedo,
2029 1416 2114 1458 nisi
2143 1419 2219 1458 aut
2246 1416 2351 1459 haec
2380 1419 2455 1458 aut
2484 1417 2623 1460 simile
2652 1418 2813 1472 aliquid

511 1485 564 1527 de
595 1483 786 1538 Sulpicia
815 1485 859 1525 et
887 1481 1096 1524 Cerintho
1126 1481 1299 1523 tandem
1331 1481 1571 1522 coniunctis
1608 1481 1820 1523 adiectum
1858 1482 1934 1536 sit,
1973 1482 2208 1537 perfectum
2245 1497 2334 1524 non
2363 1496 2456 1525 esse
2484 1497 2575 1525 rem
2605 1484 2816 1527 desidera-

511 1553 632 1607 rique
662 1551 822 1606 aliquid
855 1552 955 1605 post
983 1551 1147 1591 sextam
1177 1549 1278 1591 libri
1308 1548 1450 1603 quarti
1478 1548 1673 1604 elegiam.
1734 1549 2011 1592 Anicularum
2040 1550 2123 1593 hoc
2152 1552 2219 1593 est
2248 1550 2469 1605 cupidines
2506 1552 2741 1594 amantium
2772 1555 2816 1594 et

511 1633 633 1663 curas
664 1618 979 1661 describentem
1009 1618 1182 1672 poetam
1213 1615 1324 1658 ferre
1354 1630 1441 1658 non
1472 1629 1619 1670 posse,
1650 1617 1734 1658 nisi
1765 1618 2007 1672 copulatam
2037 1620 2138 1673 post
2173 1620 2242 1660 tot
2272 1617 2520 1661 discrimina
2547 1632 2689 1662 rerum
2720 1627 2813 1661 cum

512 1701 589 1730 suo
627 1698 840 1741 quamque
877 1685 924 1725 in
961 1683 1151 1725 medium
1187 1682 1396 1738 producat
1435 1682 1675 1738 laetamque
1711 1684 1843 1738 prolis
1881 1699 2000 1739 spem
2034 1688 2281 1740 auguretur.
2342 1686 2548 1728 Aniculae
2584 1686 2814 1742 gaudeant,

513 1753 627 1809 quod
659 1753 800 1795 omnis
830 1750 1056 1807 scrupulus
1095 1750 1178 1792 sibi
1209 1765 1234 1792 a
1263 1749 1455 1805 Gruppio
1493 1753 1714 1805 exemptus
1752 1752 1809 1792 sit
1845 1752 2069 1806 omnisque
2113 1754 2272 1805 metus,
2313 1766 2369 1794 ne
2405 1751 2567 1795 frustra
2603 1751 2815 1796 desiderio

513 1820 765 1877 flagrauerit
795 1817 1006 1875 Sulpicia,
1051 1819 1101 1861 ut
1145 1816 1316 1860 eaedem
1354 1819 1607 1872 querentur,
1652 1817 1765 1872 quod
1803 1815 1990 1873 Deliam,
2035 1818 2275 1874 Nemesim,
2313 1818 2534 1871 Lesbiam,
2571 1818 2815 1876 Cynthiam‚

511 1887 766 1939 Corinnam,
805 1888 945 1928 totum
974 1885 1309 1927 Horatianarum
1339 1885 1576 1939 puellarum
1607 1898 1785 1939 gregem
1810 1900 1898 1927 non
1921 1885 2098 1928 uideant
2112 1885 2167 1927 ad
2182 1888 2344 1928 certum
2361 1886 2606 1942 laetumque
2622 1901 2815 1931 amorum

509 1956 641 1997 finem
665 1953 908 2009 perductas
948 1966 1028 1995 nec
1067 1954 1114 1993 in
1151 1955 1293 1994 tutum
1331 1952 1545 2007 quendam
1584 1953 1705 2007 quasi
1747 1956 1918 2008 portum
1956 1955 2170 2009 receptas:
2209 1968 2289 1995 nos
2325 1954 2429 2005 iure,
2475 1955 2649 2008 opinor,
2687 1955 2733 1996 in
2763 1969 2813 1997 eo

509 2023 850 2078 acquiescemus,
881 2019 996 2075 quod
1028 2021 1237 2075 quantum
1268 2019 1436 2074 puellae
1464 2034 1609 2061 amore
1639 2020 1837 2062 incensae
1866 2020 2034 2062 animus
2064 2035 2140 2075 spe
2169 2025 2371 2076 metuque
2389 2020 2602 2076 pendulus
2621 2024 2815 2065 uersetur

516 2092 560 2132 et
587 2090 799 2145 agitetur,
839 2102 891 2130 ex
927 2089 1108 2130 naturae
1145 2087 1272 2128 simul
1310 2087 1587 2142 poeticaeque
1624 2087 1729 2129 artis
1767 2086 1936 2142 legibus
1990 2087 2132 2131 uerbis
2185 2102 2431 2143 expressum
2474 2087 2690 2142 uidemus,
2735 2102 2815 2132 nec

509 2156 847 2210 postulabimus,
890 2157 940 2195 ut
983 2154 1140 2209 lyricus
1179 2156 1307 2208 poeta
1346 2154 1502 2195 scenici
1539 2154 1675 2196 uicem
1706 2154 1990 2197 dubitationis
2027 2154 2079 2197 de
2117 2154 2244 2197 huius
2274 2156 2432 2198 amoris
2462 2158 2619 2198 euentu
2652 2156 2813 2198 nodum

510 2221 721 2278 expediat.
980 2228 982 2231 ’

712 2288 813 2332 Dixi
851 2288 903 2331 de
951 2288 1153 2332 extremis
1200 2288 1335 2330 totius
1382 2288 1546 2343 operis,
1595 2287 1707 2344 quod
1751 2288 1969 2344 Gruppius
2007 2289 2216 2345 reperisse
2254 2290 2336 2332 sibi
2374 2289 2566 2343 uidetur,
2603 2289 2813 2346 partibus,

512 2371 640 2412 quam
670 2370 759 2398 non
790 2357 936 2398 essent
972 2355 1258 2408 necessariae3
1297 2368 1412 2397 nunc
1448 2356 1593 2409 paucis
1625 2355 1920 2398 demonstrare
1957 2356 2147 2398 conabor
2189 2370 2243 2399 ne
2281 2357 2469 2400 medium
2499 2356 2673 2412 quidem
2703 2371 2811 2412 opus

513 2422 724 2476 singulari
762 2424 806 2464 et
835 2422 1067 2464 artificiosa
1110 2424 1327 2462 structura
1370 2422 1655 2476 compositum
1686 2436 1790 2464 esse.
1852 2424 1914 2464 Ac
1943 2424 2084 2464 totum
2114 2422 2286 2477 quidem
2316 2423 2545 2466 artificium
2589 2438 2636 2466 eo
2673 2422 2813 2465 redire

512 2489 704 2542 uidetur,
743 2489 857 2542 quod
896 2489 1076 2529 alternis
1113 2487 1373 2528 carminibus
1409 2490 1539 2541 poeta
1569 2490 1613 2528 et
1651 2486 1840 2542 Sulpicia
1877 2491 1980 2530 sunt
2016 2488 2262 2543 loquentes,
2299 2491 2346 2542 2,
2378 2491 2424 2541 4,
2456 2490 2483 2531 6
2513 2490 2606 2543 ille,
2637 2488 2743 2531 haec
2772 2489 2812 2540 3,

509 2557 549 2607 5,
582 2558 626 2597 et
655 2554 770 2609 quod
801 2555 868 2597 bis
900 2554 1102 2609 deinceps
1132 2553 1186 2596 de
1215 2553 1457 2609 periculosa
1491 2569 1537 2596 re
1567 2568 1707 2597 sermo
1739 2556 1823 2608 est,
1863 2554 1915 2597 de
1943 2555 2175 2598 uenatione
2205 2556 2265 2611 (3)
2296 2558 2341 2599 et
2370 2555 2423 2599 de
2453 2555 2604 2598 morbo
2635 2555 2716 2612 (4),
2745 2553 2812 2597 bis

509 2623 562 2664 de
591 2622 726 2673 laeta,
760 2621 812 2663 de
842 2621 912 2663 die
941 2621 1077 2663 natali
1109 2621 1156 2676 (5
1185 2623 1228 2663 et
1247 2621 1306 2675 6).
1354 2619 1437 2663 Sed
1468 2621 1630 2664 nullius
1659 2621 1749 2664 fere
1778 2622 1987 2664 momenti
2017 2621 2127 2665 hanc
2152 2623 2454 2678 aequalitatem
2485 2624 2528 2664 et
2558 2621 2813 2664 conuenien-

507 2690 614 2731 tiam
643 2689 832 2744 partium
863 2702 956 2731 esse
987 2687 1210 2742 existimo,
1249 2687 1366 2742 quod
1397 2687 1489 2730 siue
1519 2688 1692 2730 eieceris
1731 2687 1969 2743 quamlibet
1998 2690 2185 2744 partem,
2225 2689 2414 2745 reliquae
2443 2689 2664 2746 aptissime
2699 2688 2815 2730 inter

508 2771 554 2799 se
584 2758 756 2809 coeant,
795 2756 887 2799 siue
923 2754 1104 2799 mutaris
1134 2755 1311 2798 solitum
1341 2754 1555 2810 ordinem,
1594 2754 1705 2797 nihil
1734 2758 1940 2811 appareat
1967 2756 2319 2811 perturbationis.
2377 2756 2468 2800 Fac
2509 2755 2623 2798 enim
2650 2755 2814 2811 perisse

507 2825 694 2880 primum
733 2837 905 2865 carmen
937 2821 1194 2879 (Sulpicia
1233 2825 1314 2865 est
1346 2823 1451 2864 tibi
1490 2823 1638 2864 culta
1666 2822 1755 2879 —).
1816 2822 1987 2864 Dixerit
2015 2823 2252 2878 quispiam:
2292 2823 2508 2879 praeclare
2538 2823 2641 2865 fecit
2669 2825 2810 2877 poeta,

508 2891 623 2946 quod
654 2891 803 2933 statim
834 2891 879 2932 in
909 2889 1072 2933 medias
1093 2903 1162 2932 res
1192 2903 1272 2932 nos
1293 2889 1486 2944 induxit3
1516 2888 1753 2943 praeclare,
1784 2888 1898 2943 quod
1919 2903 2079 2931 nomen
2098 2889 2266 2944 puellae
2285 2904 2375 2933 non
2397 2889 2553 2941 edidit,
2583 2903 2640 2931 ne
2672 2890 2812 2932 occul—

509 2962 575 3000 tas
617 2959 708 3000 eius
740 2958 999 3012 cupiditates
1029 2957 1190 3012 populo
1221 2956 1462 3011 prodidisse
1493 2955 1724 2998 uideretur.
1770 2956 1857 2998 Aut
1887 2970 2181 2999 remoueamus
2210 2956 2390 3000 alteram
2419 2955 2602 3011 elegiam
2633 2954 2813 3011 (Parce

506 3039 619 3067 meo
649 3024 840 3067 iuueni
870 3025 963 3077 -—):
995 3022 1129 3079 quid?
1150 3037 1259 3079 quae
1280 3022 1405 3066 modo
1420 3022 1538 3067 omni
1558 3021 1749 3078 corporis
1770 3021 2091 3077 pulchritudine
2112 3025 2156 3067 et
2174 3025 2402 3067 uenustate
2421 3021 2602 3066 affluens
2631 3021 2810 3078 prodiit,

508 3105 604 3134 cum
643 3090 790 3134 eadem
826 3104 942 3133 nunc
977 3090 1130 3134 morbo
1166 3089 1382 3144 confecta,
1422 3090 1557 3134 macie
1594 3091 1639 3133 et
1667 3090 1831 3146 pallore
1867 3089 2072 3133 deformis
2109 3091 2266 3147 iaceat,
2304 3103 2449 3133 nonne
2478 3088 2714 3131 contrarias
2743 3101 2811 3130 res

513 3158 721 3202 habemus
760 3157 1004 3201 incredibili
1042 3160 1135 3201 arte
1173 3159 1236 3200 ita
1273 3158 1552 3219 compositas,
1590 3160 1640 3200 ut
1676 3158 1932 3213 grauissime
1969 3159 2124 3200 animis
2162 3156 2538 3202 commoneamur?
2602 3154 2704 3198 Non
2733 3157 2812 3197 hoc

505 3239 678 3281 quoque
709 3225 906 3268 consulto
937 3225 1100 3268 factum
1130 3240 1222 3269 esse
1248 3226 1435 3282 uidetur,
1466 3225 1581 3281 quod
1612 3226 1779 3268 nullum
1809 3239 1980 3268 carmen
2010 3240 2101 3268 non
2130 3241 2157 3270 a
2184 3225 2255 3268 dei
2284 3224 2505 3268 cuiusdam
2533 3223 2812 3266 ueneratione

511 3294 686 3336 initium
717 3294 877 3349 capiat,
909 3308 935 3335 a
963 3292 1103 3336 Marte
1132 3294 1338 3349 primum,
1370 3294 1423 3336 ab
1455 3294 1658 3348 Apolline
1690 3293 1892 3346 alterum,
1922 3293 2089 3349 reliqua
2117 3309 2143 3336 a
2172 3294 2311 3337 Genio
2341 3295 2387 3335 et
2413 3290 2619 3336 Junone?
2676 3289 2737 3333 Et
2764 3296 2812 3333 ut

510 3361 686 3403 tertium
718 3360 892 3403 accedat
921 3361 1176 3415 exemplum,
1207 3361 1244 3403 si
1274 3376 1422 3404 rursus
1442 3361 1615 3403 abesset
1633 3360 1738 3403 haec
1759 3360 1812 3403 de
1832 3363 2087 3416 aegrotante
2108 3359 2298 3417 Sulpicia
2317 3358 2493 3416 querela
2522 3356 2656 3412 (Huc
2683 3356 2809 3400 ades

506 3431 557 3474 et
586 3429 806 3471 tenerae
848 3431 928 3482 —),
966 3428 1163 3483 equidem
1206 3443 1296 3472 non
1326 3428 1501 3481 dubito,
1543 3428 1648 3484 quin
1680 3427 1897 3484 Gruppius
1927 3428 2052 3471 unice
2090 3427 2357 3472 laudandum
2381 3426 2555 3470 duceret
2584 3424 2628 3467 id
2657 3426 2810 3479 poetae
