3196 3930
1595 318 1630 366 8

451 453 557 495 haec
584 453 709 493 tanta
737 450 992 506 simplicitas
1020 450 1154 492 animi
1184 451 1336 506 cieret,
1377 452 1414 493 si
1458 451 1699 494 lasciuioris
1744 451 1862 493 illius
1891 452 2046 494 aetatis
2075 451 2378 512 calidiorisque
2419 455 2523 499 solis
2559 454 2756 498 homines

451 520 556 562 haec
585 518 870 574 explicantem
899 516 1049 560 audire
1076 520 1257 573 possent
1285 518 1556 575 philologum
1584 519 1826 563 barbarum.

654 585 877 640 Vidimus,
908 599 1017 639 quae
1047 586 1158 628 ratio
1188 586 1474 630 intercederet
1503 587 1620 629 inter
1649 587 1754 630 haec
1783 587 1868 629 duo
1899 588 2100 631 carmina.
2158 587 2270 638 Quid
2300 588 2384 631 hoc
2413 603 2506 633 esse
2536 582 2756 634 dicamus?

449 654 521 697 A'm
558 667 722 697 nouum
760 665 897 708 genus
935 651 1068 708 lepidi
1105 652 1246 707 lusus,
1289 667 1450 695 nouum
1489 654 1719 696 artificium
1755 655 1929 710 poetae,
1971 655 2040 696 cui
2076 654 2287 710 placuerit
2322 669 2367 698 se
2411 656 2553 713 ipsum
2596 656 2756 700 imitari

451 734 611 777 suaque
640 733 889 776 recoquere,
921 731 1016 761 cum
1040 719 1125 761 duo
1146 721 1336 762 carmina
1367 720 1650 763 fabricaretur
1678 735 1768 764 non
1800 720 2077 765 dissimiliora
2105 721 2221 764 inter
2249 735 2295 765 se
2325 735 2452 778 quam
2482 733 2612 767 ouum
2641 721 2757 768 ouo?

449 790 552 834 Non
588 788 731 845 lepide
760 787 952 830 ludentis
985 787 1068 830 hoc
1097 789 1210 830 esset
1239 790 1412 842 poetae,
1458 788 1533 830 sed
1575 789 1838 832 senescentis
1869 791 1913 831 et
1944 789 2220 845 languentis,
2249 790 2477 833 ieiunitate
2506 791 2628 847 quasi
2657 806 2757 848 qua-

451 859 549 900 dam
580 856 748 912 ingenii
780 857 824 897 et
849 854 1042 896 exilitate
1070 854 1324 897 laborantis,
1356 855 1419 896 Ac
1447 869 1503 897 ne
1533 857 1628 910 quis
1659 856 1766 898 mihi
1797 856 1970 910 obiciat,
2003 871 2111 911 quae
2141 858 2269 900 antea
2307 856 2360 900 de
2389 856 2445 901 Π.
2468 857 2497 900 2
2516 857 2756 913 disputaui3

450 924 566 967 aliud
599 924 665 965 est
695 922 852 977 officii,
898 920 1015 963 aliud
1047 921 1154 963 artis
1184 921 1329 977 gratia
1362 922 1568 977 scribere,
1614 922 1732 965 aliud
1763 925 1829 965 est
1866 924 2050 966 amicum
2081 923 2227 967 subito
2257 926 2301 966 et
2345 923 2528 967 fortuito
2569 924 2757 967 carmine

454 992 661 1046 salutare,
705 988 822 1032 aliud
867 988 1036 1045 ingenii
1081 988 1359 1044 poeticaeque
1401 988 1619 1031 facultatis
1661 991 1989 1032 monumentum
2034 989 2239 1047 condere3
2298 990 2416 1033 aliud
2459 990 2644 1046 denique
2691 993 2757 1034 est

451 1059 683 1102 sollemnes
722 1055 929 1112 quasdam
969 1055 1140 1098 dicendi
1177 1055 1382 1098 formulas
1421 1057 1637 1112 repetere,
1683 1054 1799 1098 aliud
1838 1056 2120 1112 complurium
2157 1057 2393 1099 carminum
2430 1056 2483 1100 de
2519 1056 2668 1100 eadem
2710 1071 2757 1100 re

451 1126 572 1172 uario
611 1126 870 1178 argumento
909 1124 1250 1178 conscriptorum
1290 1125 1443 1166 seriem
1483 1125 1544 1166 ita
1581 1125 1726 1178 finire,
1770 1125 1819 1165 ut
1861 1122 1976 1165 idem
2020 1125 2323 1178 argumentum
2369 1123 2511 1166 denuo
2552 1128 2755 1166 recurrat.

454 1193 573 1242 Quae
603 1205 707 1234 cum·
729 1191 792 1233 ita
822 1191 931 1245 sint,
963 1192 1013 1233 ut
1041 1190 1231 1234 breuiter
1262 1189 1418 1242 dicam,
1450 1192 1766 1234 alteramutram
1807 1189 1991 1244 elegiam
2019 1206 2044 1233 a
2074 1190 2248 1234 Tibullo
2277 1190 2512 1246 profectam
2542 1205 2629 1233 non
2665 1205 2757 1233 esse

454 1270 704 1315 persuasum
734 1257 886 1301 habeo.
945 1256 1099 1301 Utram
1130 1257 1307 1301 autem?
1355 1257 1561 1313 Priorem,
1592 1258 1787 1313 quintam
1818 1257 2014 1312 elegiam.
2682 1299 2685 1303 .

656 1324 756 1380 Ego
786 1326 831 1367 et
859 1325 952 1380 ipse
980 1338 1132 1368 uersus
1161 1324 1244 1367 feci
1274 1326 1379 1368 satis
1409 1326 1569 1368 multos
1606 1325 1887 1368 domesticum
1916 1325 1962 1367 in
1998 1338 2135 1368 usum.
2197 1324 2262 1368 Ne
2298 1324 2463 1381 riseris,
2503 1325 2757 1381 quicumque

453 1395 557 1437 haec
587 1393 776 1435 lecturus
806 1405 872 1446 es,
902 1392 1150 1447 priusquam
1172 1406 1257 1447 quo
1279 1393 1459 1435 consilio
1490 1392 1571 1435 hoc
1591 1405 1920 1434 commemorem
1949 1391 2149 1437 audieris.
2209 1392 2308 1447 Ego
2339 1393 2453 1434 enim
2475 1406 2602 1447 quam
2622 1392 2759 1435 multa

452 1476 532 1504 nos
574 1459 885 1503 uersificatores
925 1459 1063 1514 magis
1093 1473 1221 1514 quam
1252 1462 1406 1515 poetae
1436 1474 1460 1501 a
1490 1459 1795 1502 celebrioribus
1828 1455 1978 1513 poetis'
1998 1461 2041 1500 et
2070 1473 2251 1514 quorum
2282 1460 2541 1502 carminibus
2576 1461 2757 1502 maxime

455 1529 717 1572 delectemur
735 1526 806 1569 uel
826 1526 955 1569 inuiti
976 1527 1163 1569 mutuari
1193 1527 1427 1582 soleamus,
1459 1528 1521 1569 ita
1552 1527 1598 1569 in
1629 1541 1696 1569 me
1727 1527 1821 1582 ipso
1851 1539 1946 1568 sum
1978 1528 2196 1582 expertus,
2226 1528 2276 1569 ut
2305 1525 2499 1581 singulas
2519 1526 2757 1570 sententias

453 1595 649 1652 singulas
666 1593 856 1650 phraseS,
887 1607 995 1648 quae
1016 1592 1238 1649 dicuntur,
1268 1594 1443 1649 singula
1462 1594 1594 1636 uerba
1622 1592 1852 1636 memoriae
1872 1590 1974 1634 inde
1993 1591 2127 1634 infixa
2145 1592 2305 1635 sensim
2326 1593 2373 1635 in
2392 1594 2543 1636 nostra
2570 1593 2758 1649 irrepere

453 1678 549 1707 cum
570 1661 819 1716 nostrisque
836 1660 1086 1714 coalescere,
1118 1660 1302 1715 denique
1323 1661 1597 1704 centonariae
1617 1659 1831 1715 quoddam
1853 1672 1992 1713 genus
2012 1659 2155 1714 poesis
2174 1658 2286 1702 effici
2306 1659 2440 1715 probe
2461 1660 2604 1703 sciam.
2636 1659 2757 1703 Idem

454 1730 661 1775 accidisse
675 1728 850 1772 uidetur
870 1729 929 1784 ei,
960 1728 1034 1783 qui
1054 1728 1137 1771 hoc
1157 1729 1399 1784 composuit
1419 1743 1600 1772 carmen.
1644 1727 1726 1778 Qui
1747 1742 1843 1771 cum
1865 1725 2137 1770 Tibullianae
2157 1727 2263 1770 artis
2283 1725 2623 1772 studiosissimus
2645 1730 2759 1771 esset

453 1800 621 1842 amator
665 1796 1007 1850 creberrimaque
1054 1795 1240 1839 lectione
1285 1797 1474 1839 carmina
1517 1796 1607 1838 eius
1644 1795 1914 1849 recoluisset,
1954 1808 2081 1849 quam
2119 1794 2300 1851 elegiam
2339 1794 2392 1838 ad
2431 1794 2758 1848 similitudinem

455 1869 670 1909 extremae
693 1862 1036 1920 Sulpicianarum
1058 1862 1222 1906 Tibulli
1255 1865 1482 1919 expressit,
1516 1878 1608 1906 eam
1639 1864 1806 1905 laciniis
1837 1863 1959 1917 quasi
1990 1863 2191 1906 dictionis
2223 1862 2494 1906 Tibullianae
2524 1864 2680 1906 mirum
2710 1864 2756 1905 in

453 1933 630 1979 modum
658 1931 873 1976 distinxit.
932 1929 1140 1974 Memoria
1168 1932 1346 1975 tenebat
1374 1931 1417 1982 Ι,
1449 1932 1494 1987 7,
1531 1932 1548 1974 1

658 1999 787 2044 Hunc
816 1999 1008 2043 cecinere
1039 1998 1152 2042 diem
1183 2000 1393 2056 (natalem
1423 1999 1667 2054 Messallae)
1697 1999 1853 2042 Parcae
1882 2024 1940 2031 —

453 2068 656 2113 inductus
687 2069 754 2111 est
782 2068 833 2110 ut
861 2066 1070 2110 scriberet
1097 2066 1147 2123 5,
1177 2068 1204 2111 3

1005 2132 1069 2177 Te
1097 2136 1300 2178 nascente
1330 2149 1490 2178 nouum
1521 2134 1678 2178 Parcae
1708 2135 1897 2178 cecinere
1926 2134 2081 2191 puellis

1056 2202 1280 2245 seruitium
1310 2227 1364 2234 ——
2066 2192 2074 2199 ’

452 2270 665 2315 Memoria
693 2269 872 2312 tenebat
900 2268 966 2324 Π,
996 2269 1045 2324 4,
1079 2270 1100 2311 1
1131 2284 1225 2325 sqq.

997 2335 1081 2377 Hic
1109 2336 1215 2378 mihi
1246 2336 1470 2378 seruitium
1500 2334 1628 2378 uideo
1659 2336 1961 2391 dominamque
1989 2338 2203 2392 paratam:

1054 2404 1138 2446 iam
1168 2403 1276 2446 mihi
1306 2404 1484 2446 libertas
1511 2404 1587 2445 illa
1614 2406 1796 2458 paterna
1822 2404 1931 2446 nale.

1001 2469 1234 2514 Seruitium
1265 2470 1339 2513 sed
1370 2471 1495 2514 triste
1526 2471 1674 2526 datur,
1703 2473 1939 2526 teneorque
1962 2472 2139 2527 catenis,

1067 2539 1111 2581 et
1139 2551 1361 2594 nunquam
1390 2538 1547 2581 misero
1578 2538 1722 2581 uincla
1749 2539 1936 2582 remittit
1963 2538 2112 2593 Amor,

1001 2607 1046 2648 et
1077 2619 1152 2648 seu
1181 2604 1285 2661 quid
1315 2605 1473 2661 merui,
1505 2619 1580 2648 seu
1610 2604 1712 2661 quid
1741 2606 2024 2662 peccauimus,
2055 2606 2153 2648 urit.

1055 2672 1171 2716 Vror
1199 2673 1263 2716 io:
1293 2687 1486 2728 remoue,
1517 2684 1645 2716 saeua
1673 2672 1835 2728 puella,
1866 2672 1992 2717 faces.

659 2740 755 2785 Hoc
783 2740 879 2784 loco
905 2738 1192 2797 cogitationes
1224 2740 1315 2783 eius
1345 2739 1408 2783 ita
1437 2738 1623 2783 directae
1654 2740 1776 2796 sunt,
1805 2741 1855 2783 ut
1875 2753 1970 2783 cum
2001 2739 2054 2783 de
2074 2739 2252 2784 seruitio
2282 2738 2450 2784 locutus
2481 2741 2595 2783 esset
2624 2738 2683 2796 (5,
2700 2739 2759 2796 4),

454 2811 604 2855 statim
632 2810 839 2851 transiret
868 2808 921 2849 ad
954 2808 1172 2863 querelam
1202 2807 1255 2849 de
1283 2807 1471 2849 urendo:
1508 2807 1649 2850 Vror
1678 2820 1776 2864 ego
1808 2809 1933 2849 ante
1963 2808 2098 2850 alias
2131 2832 2180 2837 --
2214 2806 2352 2864 quo-d
2383 2820 2519 2850 uror.
2558 2805 2759 2849 Ceterum

454 2894 506 2921 ex
536 2878 687 2920 codam
717 2877 840 2931 quasi
869 2890 984 2930 penu
1014 2876 1159 2917 hausit
1178 2876 1293 2930 quod
1324 2875 1439 2916 infra
1458 2875 1639 2929 legitur:
1672 2874 1771 2916 Sed
1801 2876 1988 2930 potius
2019 2875 2201 2917 valida
2230 2878 2508 2917 teneamur
2537 2876 2760 2929 uterque

455 2948 614 2989 caten
627 2960 664 2987 a.

454 3036 667 3079 Memoria
693 3035 872 3078 tenebat
901 3034 937 3091 1,
967 3034 1016 3091 9,
1046 3032 1103 3078 80

998 3122 1059 3167 Et
1087 3127 1212 3180 geret
1238 3121 1285 3167 in
1314 3135 1451 3180 regno
1480 3135 1618 3181 regna
1646 3121 1830 3180 superba
1857 3125 1934 3168 tuo
1966 3146 2015 3156 —-

627 3192 802 3248 scripsit
828 3194 878 3248 5,
913 3193 963 3234 11

1004 3283 1051 3292 —
1076 3262 1122 3302 et
1151 3258 1365 3302 dederunt
1393 3273 1530 3315 regna
1559 3259 1744 3315 superba
1771 3259 1876 3314 tibi,

456 3350 668 3396 Memoria
694 3348 874 3394 tenebat
902 3347 947 3404 I,
977 3348 1026 3403 5,
1057 3348 1082 3392 7
1111 3363 1175 3404 sq.

1000 3416 1133 3460 Parce
1161 3418 1307 3460 tamw
1317 3448 1329 3472 ,
1360 3429 1437 3472 per
1466 3417 1510 3459 te
1540 3416 1691 3460 furtiui
1722 3415 1897 3460 foedera
1924 3414 2045 3471 lecti,

1056 3498 1137 3538 per
1163 3484 1377 3527 Venerem
1408 3498 1563 3538 quaeso
1594 3485 1962 3539 compositumque
1992 3485 2119 3539 caput
2147 3507 2204 3516 ——
