3196 3930
1577 244 1605 291 6

876 377 931 419 21
962 376 1042 419 hac
1071 377 1221 420 ueniat
1249 376 1418 420 Natalis
1448 378 1518 420 aui
1547 378 1798 434 prolemque
1827 378 2058 431 ministret,

1041 444 1164 487 ludat
1193 447 1237 488 et
1265 447 1367 488 aute
1396 447 1494 489 tuos
1521 446 1650 488 turba
1677 444 1852 488 nouella
1878 443 2009 500 pedes
2040 469 2093 476 —

492 528 587 555 cum
618 512 658 568 1,
691 514 737 567 7,
768 513 931 569 290qq.
961 511 1058 555 Huc
1088 512 1189 555 ades
1220 515 1264 556 et
1293 513 1478 557 Genium
1507 513 1621 557 ludis
1652 513 1921 568 Geniumque
1949 511 2117 556 choreis

1034 580 1286 625 concelebra
1314 583 1357 625 et
1386 580 1523 625 multo
1553 583 1749 638 tempora
1776 579 1911 625 funde
1940 594 2071 625 mero.

976 648 1099 692 Illius
1130 650 1174 692 et
1201 648 1342 692 nitido
1371 648 1540 692 stillent
1568 651 1793 705 unguenta
1820 648 1972 705 capillo

1035 717 1079 759 et
1108 716 1248 773 capite
1278 718 1321 759 et
1350 716 1460 759 collo
1491 715 1639 759 mollia
1667 717 1784 758 serta
1811 718 1949 772 gerat.

982 782 1054 825 Sic
1082 784 1232 825 uenias
1263 783 1492 825 hodierne:
1530 782 1612 824 tibi
1642 781 1739 825 dem
1768 783 1878 825 turis
1909 783 2109 839 honores,

1043 849 1154 893 Liba
1183 852 1227 893 et
1256 849 1482 907 Mopsopio
1513 849 1655 893 dulcia
1683 850 1812 894 melle
1843 850 1991 895 feram.

978 919 1038 960 At
1067 918 1149 960 tibi
1179 920 1417 961 succrescat
1444 917 1612 973 proles,
1643 932 1752 973 quae
1781 919 1895 962 facta
1922 920 2113 975 parentis

1038 984 1208 1041 Augeat
1237 986 1281 1028 et
1309 985 1420 1028 circa
1449 987 1558 1041 stet,
1590 985 1857 1041 uenerande,
1887 999 2046 1029 senem,

437 1052 652 1110 Compara
681 1054 830 1096 etiam:

653 1120 708 1173 11,
739 1119 780 1176 2,
815 1121 914 1176 lsq.
961 1119 1163 1162 Dicamus
1194 1120 1308 1162 bona
1335 1121 1489 1175 uerba,
1517 1122 1641 1164 uenit
1669 1121 1864 1176 Natalis,
1894 1121 1947 1163 ad
1976 1135 2094 1164 aras:

1038 1186 1233 1242 quisquis
1264 1186 1388 1242 ades,
1418 1187 1591 1244 lingua,
1627 1188 1694 1230 uir
1722 1189 1982 1245 mulierque,
2013 1189 2108 1232 fave
2138 1215 2190 1223 —

519 1271 615 1300 cum
645 1255 702 1313 11,
736 1256 774 1311 1,
808 1256 904 1312 lsq.
949 1253 1152 1311 Quisquis
1184 1254 1298 1312 ades,
1330 1254 1492 1299 faueas:
1529 1255 1676 1312 fruges
1706 1256 1939 1300 lustramus
1969 1257 2013 1299 et
2043 1270 2185 1314 agros,

1039 1323 1150 1367 ritus
1180 1326 1230 1367 ut
1258 1338 1284 1367 a
1312 1325 1453 1380 prisco
1483 1324 1668 1367 traditus
1701 1327 1840 1367 exstat
1868 1340 1950 1368 auo
1991 1349 2034 1356 —

605 1394 649 1435 et
677 1391 744 1447 11,
778 1392 830 1434 15
844 1405 905 1448 sq.
950 1390 1042 1434 Nec
1071 1391 1154 1434 tibi
1186 1392 1428 1449 (malueris)
1458 1405 1727 1447 gemmarum
1756 1391 1965 1448 quidquid
1995 1392 2192 1436 felicibus
2221 1394 2342 1437 Indis

1044 1459 1257 1514 nascitur,
1289 1460 1355 1502 eoi
1386 1474 1471 1515 qua
1498 1460 1629 1502 maris
1659 1460 1775 1503 unda
1807 1460 1933 1503 rubet
1963 1485 2022 1492 —

439 1542 535 1570 cum
567 1527 650 1583 IV,
681 1528 729 1583 2,
763 1527 816 1569 19
832 1541 896 1582 sq.
950 1525 1046 1582 (illa
1075 1525 1210 1581 digna
1240 1528 1306 1569 est
1334 1540 1443 1582 quae
1471 1526 1712 1582 possideat)

1034 1618 1079 1625 -
1118 1607 1407 1648 quascumque
1435 1594 1563 1648 niger
1592 1594 1724 1637 rubro
1755 1594 1808 1637 de
1837 1595 1965 1638 litore
2001 1594 2185 1638 conchas

979 1659 1198 1718 proximus
1229 1660 1319 1705 eois
1349 1660 1518 1717 colligit
1548 1659 1682 1705 Indus
1713 1662 1849 1718 aquis.
1878 1700 1884 1705 .

636 1728 772 1773 Vides
801 1728 1083 1772 sollemnibus
1113 1729 1341 1772 sententiis
1381 1731 1425 1772 et
1453 1730 1626 1773 usitatis
1667 1729 1838 1773 dicendi
1868 1730 2066 1774 formulis
2095 1731 2302 1774 maiorem
2331 1732 2534 1775 carminis
2573 1734 2740 1789 partem

434 1798 717 1855 compositam
756 1811 874 1852 esse,
912 1798 961 1839 ut
997 1810 1086 1839 11011
1126 1795 1222 1852 plus
1260 1810 1387 1852 quam
1425 1796 1592 1840 duobus
1623 1798 1729 1840 locis
1773 1798 1875 1841 noui
1921 1797 2083 1854 aliquid
2129 1800 2205 1841 aut
2251 1799 2472 1856 singulare
2517 1799 2742 1843 inuentum

436 1866 625 1909 emineat
654 1865 714 1922 (u.
758 1865 802 1907 11
819 1878 882 1919 sq.
922 1866 966 1906 et
1004 1878 1044 1905 u.
1088 1864 1172 1920 18).
1232 1864 1386 1906 Voluit
1422 1866 1538 1906 enim
1575 1867 1704 1920 poeta
1740 1879 1830 1906 non
1860 1866 2085 1920 ingenium
2127 1868 2171 1908 et
2207 1868 2344 1908 artem
2385 1868 2626 1920 ostentare,
2666 1867 2741 1910 sed

436 1933 629 1976 studium
660 1934 704 1975 et
733 1932 1003 1975 uoluntatem
1041 1944 1147 1986 erga
1183 1932 1366 1974 amicum
1405 1932 1639 1974 testificari.
1701 1933 1763 1975 Ac
1793 1933 1829 1974 si
1859 1933 1952 1988 ipse
1981 1933 2160 1976 collecta
2188 1949 2266 1977 sua
2294 1934 2483 1977 carmina
2512 1934 2627 1977 foras
2657 1933 2741 1978 edi-

434 2001 589 2056 disset,
621 2000 694 2044 uix
724 1999 1033 2054 dubitauerim,
1064 1999 1168 2055 quin
1197 1999 1398 2042 uiliorem
1427 1999 1538 2043 hauc
1567 1999 1801 2043 chartulam
1831 2000 1949 2044 intus
1981 2001 2111 2045 fuerit
2139 2003 2400 2045 retenturus,
2443 2000 2569 2045 Nunc
2597 2004 2741 2046 autem

433 2070 709 2126 praematura
736 2081 852 2111 mors
892 2066 1152 2123 interuenit;
1190 2067 1298 2111 alius
1329 2068 1520 2111 carmina
1557 2067 1795 2112 emittenda
1831 2069 2017 2123 curauit;
2053 2069 2127 2125 qui
2157 2083 2265 2125 quae
2293 2070 2574 2125 superstitum
2603 2071 2742 2126 pietas

434 2151 527 2180 esse
558 2137 690 2189 solet,
730 2150 786 2178 ne
814 2135 898 2178 hoc
927 2134 1100 2190 quidem
1138 2136 1353 2177 minutum
1384 2136 1506 2190 quasi
1536 2138 1779 2179 ramentum
1808 2136 1985 2191 abiecit,
2024 2136 2098 2180 sed
2128 2136 2202 2179 ubi
2233 2137 2430 2193 apposite
2460 2137 2574 2180 inter
2603 2139 2743 2180 cetera

436 2205 723 2248 collocaretur
751 2203 962 2255 incertuS,
993 2201 1109 2258 quod
1138 2216 1218 2245 nec
1246 2202 1300 2245 ad
1331 2201 1500 2246 Deliam
1539 2205 1613 2246 aut
1643 2202 1889 2246 Messallam
1919 2206 1995 2246 aut
2031 2203 2277 2245 Marathum
2314 2217 2394 2246 nee
2430 2203 2484 2245 ad
2523 2203 2741 2246 Nemesim

431 2275 508 2315 aut
526 2271 808 2315 Messalinum
838 2284 917 2313 nec
946 2270 1000 2312 ad
1022 2268 1256 2326 Sulpiciam
1286 2273 1330 2313 et
1352 2268 1607 2313 Cerinthum
1630 2272 1880 2326 pertineret,
1909 2270 2084 2314 tandem
2105 2268 2287 2314 Cornuti
2308 2271 2484 2314 nomine
2504 2273 2741 2314 commotus

432 2339 494 2382 ibi
525 2352 697 2382 carmen
725 2338 968 2391 interiecit,
998 2337 1073 2379 ubi
1103 2337 1185 2380 hoc
1214 2352 1374 2380 nomen
1403 2338 1546 2392 rediit,
1578 2341 1678 2380 ante
1706 2338 1763 2393 II,
1777 2339 1816 2381 3.

636 2404 717 2449 His
755 2405 884 2448 rebus
922 2405 1129 2461 expositis
1167 2406 1216 2447 ut
1257 2404 1312 2448 ad
1350 2408 1549 2460 quartum
1588 2406 1745 2448 librum
1783 2405 2027 2463 redeamus,
2086 2421 2346 2464 quamquam
2393 2405 2445 2448 de
2484 2406 2576 2448 eius
2616 2406 2741 2449 laude

431 2475 568 2517 multa
605 2473 831 2517 detrahere
867 2472 1009 2515 conati
1046 2487 1214 2527 sumus,
1259 2474 1405 2515 tamen
1443 2474 1592 2528 procul
1630 2475 1765 2528 abest,
1805 2476 1855 2516 ut
1883 2473 2027 2529 lepide
2056 2474 2118 2517 ibi
2148 2477 2192 2517 et
2221 2475 2444 2530 eleganter
2472 2474 2740 2529 propositam

430 2557 522 2584 rem
551 2542 803 2584 amatoriam
832 2541 991 2583 uariari
1020 2540 1268 2582 infitiemur.
1328 2539 1388 2582 Et
1418 2541 1529 2583 hanc
1558 2541 1696 2596 ipsam
1726 2541 1900 2597 quidem
1928 2541 2182 2585 uarietatem
2202 2540 2568 2597 multiplicemque
2588 2542 2742 2584 tracta·

431 2611 567 2652 tionis
598 2610 813 2652 rationem
843 2608 1028 2650 maxime
1059 2605 1348 2649 extollendam
1377 2609 1498 2662 puto.
1587 2606 1856 2651 Describitur
1894 2606 2107 2665 Sulpiciae
2136 2609 2183 2652 in
2224 2608 2444 2665 publicum
2488 2607 2741 2663 prodeuntis

430 2676 730 2734 pulchritud03
761 2676 956 2731 queritur
986 2674 1130 2731 puella
1144 2672 1401 2717 Cerinthum
1431 2676 1478 2717 in
1509 2675 1707 2719 uenando
1738 2676 1959 2719 absentem
1990 2676 2276 2733 periculisque
2306 2676 2562 2731 obnoxium3
2592 2689 2739 2719 conso-

430 2745 545 2787 latur
573 2746 704 2799 poeta
730 2744 933 2785 iuuenem
962 2742 1016 2784 de
1042 2741 1232 2797 Sulpicia
1262 2745 1519 2796 aegrotante
1551 2757 1806 2798 suspensum
1842 2746 2007 2798 anim03
2036 2747 2236 2799 precatur
2269 2744 2340 2786 die
2374 2743 2509 2785 natali
2544 2740 2739 2785 Cerinthi

431 2810 623 2867 Sulpicia
678 2812 875 2852 mutuum
941 2808 1158 2865 fidumque
1209 2809 1292 2851 sibi
1345 2810 1514 2852 iuuenis
1568 2825 1756 2853 amorem
1795 2836 1848 2842 —
1887 2825 2016 2866 quam
2059 2812 2276 2867 praeclara
2327 2809 2566 2865 imaginum
2618 2810 2740 2864 quasi

430 2879 632 2922 mutatio!
693 2892 820 2934 quam
860 2877 1014 2920 eximie
1051 2891 1167 2921 noua
1196 2891 1364 2933 semper
1392 2879 1712 2933 proponuntur!
1764 2876 1850 2921 Sed
1879 2879 2179 2934 perueniamus
2208 2878 2262 2921 ad
2293 2879 2529 2921 extremum
2558 2890 2740 2921 carmen.

430 2947 541 2990 Ecce
570 2946 728 2989 iterum
758 2945 849 2989 dies
879 2944 1039 2989 natalis
1069 2944 1213 3001 adest,
1258 2959 1348 2989 11011
1379 2943 1568 2988 eiusdem
1598 2945 1672 2988 ille
1701 2945 1875 3001 quidem
1905 2945 2116 3002 hominis,
2160 2945 2235 2989 sed
2274 2947 2420 2988 tamen
2450 2943 2541 2986 dics
2569 2943 2739 2989 natalis.

431 3013 620 3057 Tantum
663 3013 778 3058 uires
823 3014 997 3069 poetam
1035 3012 1260 3068 defecisse,
1306 3015 1355 3055 ut
1406 3025 1570 3054 nouum
1615 3013 1779 3068 locum,
1837 3026 1995 3056 nouam
2024 3013 2331 3068 {condicionem
2369 3012 2614 3066 excogitare
2650 3026 2740 3054 non

429 3081 607 3139 posset?
657 3080 757 3125 Non
786 3081 980 3137 piguisse
1010 3094 1107 3124 eum
1145 3080 1199 3123 ad
1238 3080 1408 3124 easdem
1446 3080 1627 3124 deorum
1657 3081 1956 3124 inuocationes
1987 3081 2196 3137 recidere,
2242 3080 2296 3124 ad
2343 3079 2491 3123 eadem
2535 3079 2740 3122 sacrificia

430 3148 742 3192 describenda?
773 3149 834 3191 At
854 3148 1038 3191 fortasse
1058 3148 1103 3190 id
1132 3149 1274 3203 ipsum
1304 3149 1409 3204 egit,
1441 3151 1490 3190 ut
1518 3149 1565 3190 in
1587 3148 1737 3191 eodem
1767 3150 1887 3205 quasi
1916 3150 2090 3193 uasculo
2119 3164 2282 3192 nouum
2302 3149 2453 3190 uinum
2472 3148 2739 3202 apponeret?

430 3216 542 3267 Quid
573 3216 687 3271 quod
718 3216 800 3257 hoc
829 3217 892 3258 ita
919 3229 1010 3257 11011
1040 3218 1263 3257 exsecutus
1294 3218 1372 3272 est,
1402 3219 1452 3258 ut
1483 3216 1659 3258 mutatis
1690 3218 1861 3258 tantum
1890 3216 2034 3258 uerbis
2078 3216 2476 3269 sententiarumque
2516 3228 2740 3257 ornamen-

430 3285 487 3327 tis
520 3308 568 3312 —
602 3296 650 3325 ac
680 3284 849 3338 saepius
876 3297 932 3324 ne
962 3284 1024 3324 eis
1054 3282 1228 3338 quidem
1257 3284 1434 3324 mutatis
1464 3307 1520 3314 —
1551 3283 1721 3325 easdem
1750 3283 1943 3338 proferat
1971 3283 2232 3337 sententias,
2271 3284 2321 3324 ut
2350 3295 2458 3336 quae
2486 3280 2614 3324 modo
2645 3279 2740 3325 Sul-

429 3352 584 3406 piciam
619 3351 911 3407 profitentem,
941 3352 1184 3406 optantem,
1213 3352 1460 3406 precantem
1490 3351 1605 3406 fecit,
1636 3367 1686 3394 ea
1714 3366 1828 3394 nunc
1857 3366 1936 3407 pro
1968 3349 2157 3409 Sulpicia
2185 3351 2278 3407 ipse
2305 3346 2574 3406 profiteatur,
2605 3350 2738 3408 optet,

428 3418 657 3474 precetur?
686 3417 884 3475 Agedum
914 3417 1192 3461 obseruemus
1223 3418 1409 3473 singula.
