3196 3930
1706 208 1737 257 4

563 346 648 389 fide
677 346 792 400 eius,
822 347 872 387 ut
900 345 993 400 ipse
1022 344 1151 386 fidem
1181 344 1344 386 uiolare
1374 343 1426 386 ad
1457 343 1748 399 humilemque
1777 344 2045 385 meretricem
2075 341 2300 401 deflectere
2330 342 2509 386 auderet
2529 345 2630 400 (10).
2673 344 2734 389 Et
2761 343 2866 388 haec

563 414 760 469 cuiquam
808 412 938 455 nimis
981 411 1212 455 uerecundi
1228 445 1240 466 ,
1285 410 1389 454 haec
1425 426 1575 468 pamm
1612 411 1784 455 audacis
1826 425 1919 454 esse
1957 405 2253 453 uidebuntur?
2313 405 2347 453 Ᾰ
2353 424 2410 467 ge
2438 406 2542 456 uero
2571 397 2690 472 quod
2715 397 2866 473 eodem

563 481 751 523 carmine
785 479 994 535 Sulpicia,
1026 495 1153 535 quam
1183 481 1317 523 nobili
1349 494 1508 535 genere
1537 482 1633 522 orta
1661 480 1720 522 sit
1749 493 1961 535 quamque
1989 473 2193 535 indigna,
2224 492 2332 535 quae
2358 473 2589 527 libertinae
2616 463 2869 541 posthabea-

563 550 647 600 tur,
678 562 774 589 cum
804 547 1007 602 superbia
1035 545 1218 608 quadam
1248 549 1575 600 commemorat,
1613 548 1884 602 sequiturne,
1921 548 1971 588 ut
1999 545 2210 588 tenuioris
2247 544 2356 588 alter
2385 546 2445 590 sit
2472 541 2672 606 ordinis?
2715 531 2868 614 bigni·

562 616 697 658 tatem
727 628 849 658 suam
878 629 974 658 cum
1002 613 1196 670 uulgaris
1227 613 1358 657 scorti
1394 613 1640 657 humilitate
1678 615 1918 670 comparat,
1959 627 2047 656 non
2087 627 2183 656 cum
2212 608 2410 677 Cerinthi
2447 613 2745 672 ignobilitate3
2780 604 2867 658 alio

564 684 705 726 autem
750 682 847 726 loco
892 682 1059 725 nullum
1104 682 1194 725 eius
1234 681 1526 739 ignobilitatis
1563 682 1798 738 uestigium
1835 680 2021 739 reperias
2051 706 2107 715 -
2137 693 2226 740 non
2262 680 2404 738 magis
2441 695 2569 738 quam
2604 681 2868 744 paupertatis

564 748 763 792 Cerinthi
781 751 857 792 aut
870 749 1103 792 doctrinae.
1148 748 1245 792 Nisi
1275 751 1388 792 forte
1417 750 1480 792 ita
1508 749 1834 793 concludemus:
1872 748 1998 792 docta
2027 748 2185 792 dicitur
2213 739 2403 804 Sulpicia
2431 748 2472 805 6,
2502 742 2550 806 ἒς
2580 750 2728 810 eadem
2757 744 2866 809 nulli

565 817 659 860 uiro
695 815 858 861 seruire
895 815 1072 872 dignior
1099 816 1147 873 6,
1181 816 1254 872 103
1300 830 1405 874 ergo
1449 818 1518 861 uir
1561 816 1636 860 ille
1671 818 1715 860 et
1751 817 1843 874 ipse
1880 816 2031 860 doctus
2069 816 2147 859 est.
2206 813 2365 859 Nonne
2392 808 2549 860 'eadem
2587 806 2870 872 cencludendi

564 885 732 927 ratione
762 885 892 927 etiam
922 883 1043 926 diues
1081 885 1126 927 et
1154 884 1347 927 nobilis?
1407 883 1491 928 Sed
1522 885 1633 928 nihil
1663 899 1810 928 eorum
1839 884 1910 928 hic
1938 884 2066 938 latet3
2112 883 2303 940 corporis
2346 886 2518 928 tantum
2560 886 2745 939 uirtutes
2783 884 2871 944 lau·

566 950 733 994 dantur.
791 949 980 993 Omnino
1018 951 1065 992 in
1108 953 1324 1007 corporeis
1362 952 1512 1008 rebus,
1551 953 1595 993 in
1634 952 1906 994 formositate
1934 952 2157 1013 utriusque
2186 950 2450 1007 formosique
2478 952 2655 996 alterius
2681 943 2870 1017 corporis

565 1019 834 1074 appetentia,
865 1019 1012 1060 omnia
1040 1019 1184 1073 posita
1212 1022 1335 1073 sunt,
1365 1034 1443 1061 nec
1473 1021 1699 1075 quicquam
1729 1019 1843 1061 aliud
1875 1033 1955 1061 nec
1984 1033 2010 1060 a
2039 1018 2228 1074 Sulpicia
2255 1019 2350 1073 ipsa
2377 1032 2458 1060 nec
2485 1033 2511 1061 a
2540 1019 2716 1062 Tibullo
2745 1020 2870 1063 nobis

566 1085 837 1140 proponitur,
870 1098 997 1140 qnam
1028 1087 1190 1141 quanta
1208 1087 1252 1128 ui
1264 1118 1274 1137 ‚
1307 1088 1502 1142 quamuis
1519 1087 1696 1129 obstent
1712 1086 1939 1142 disciplina
1959 1087 2003 1127 et
2022 1098 2183 1140 mores,
2211 1083 2452 1128 honestatis
2469 1085 2680 1140 studium,
2709 1100 2872 1153 poenae

566 1155 611 1194 et
650 1150 854 1193 infamiae
897 1153 1051 1208 timor,
1089 1155 1236 1195 tamen
1273 1156 1483 1210 superatis
1522 1155 1722 1196 omnibus
1760 1152 2079 1209 impedimentis
2123 1153 2314 1209 abreptis
2354 1153 2510 1195 animis
2553 1153 2659 1198 talia
2695 1145 2873 1215 corpora

566 1219 682 1260 inter
710 1233 756 1260 se
786 1219 900 1260 coire
930 1220 1116 1274 cupiant.
1158 1220 1428 1263 Testimonio
1460 1225 1526 1263 est
1554 1222 1693 1277 prima
1722 1220 1885 1262 Tibulli
1916 1220 2056 1274 elegia
2084 1214 2178 1274 (IV,
2199 1219 2257 1275 2),
2288 1234 2374 1276 qua
2401 1221 2573 1281 praeter
2599 1223 2870 1265 uenustatem

565 1285 733 1341 puellae
762 1286 879 1328 cultu
909 1301 1093 1343 curaque
1123 1289 1314 1344 corporis
1345 1292 1514 1332 auctam
1542 1289 1652 1331 nihil
1682 1288 1932 1331 celebratur.
1977 1285 2090 1330 Nam
2108 1285 2221 1343 quod
2243 1285 2443 1331 Prienius
2473 1287 2675 1345 extremis
2706 1282 2871 1333 duobus

566 1352 761 1396 distichis
801 1352 966 1409 (Hanc
1007 1370 1122 1410 uos,
1153 1355 1424 1412 Pierides,
1455 1355 1614 1399 festis
1660 1356 1879 1399 cantate
1923 1353 2186 1409 calendis,
2232 1355 2286 1397 et
2313 1353 2633 1399 testudinea
2663 1354 2876 1415 Phoebe

566 1419 793 1475 superbe
823 1419 941 1475 lyra
970 1424 1051 1477 sq.)
1081 1422 1135 1466 ad
1165 1424 1391 1479 ingenium
1421 1424 1512 1467 eius
1542 1424 1838 1478 ingenuasque
1867 1425 1981 1466 artes
2012 1421 2144 1466 alludi
2174 1422 2340 1477 censet,
2381 1434 2464 1477 ego
2493 1416 2667 1481 uereor,
2697 1437 2752 1467 ne
2782 1420 2874 1468 Pie-

565 1487 707 1530 ridum
746 1489 790 1531 et
821 1487 1037 1543 Apollinis
1067 1490 1315 1534 nominibus
1359 1492 1405 1534 in
1436 1505 1622 1534 errorem
1663 1490 1892 1545 abductus,
1941 1489 1978 1533 si
2026 1488 2263 1536 accuratius
2304 1487 2447 1532 locum
2481 1490 2802 1546 examinauerit,
2832 1493 2877 1534 et

568 1557 746 1612 propter
771 1555 866 1611 ipsa
902 1555 1055 1601 horum
1093 1572 1295 1603 uersuum
1337 1559 1487 1611 uerba,
1527 1560 1573 1602 in
1612 1558 1767 1616 quibus
1809 1557 1920 1602 nihil
1961 1555 2170 1601 eiusmodi
2205 1556 2341 1612 inest,
2379 1557 2424 1600 et
2456 1550 2634 1618 propter
2663 1571 2731 1612 ea,
2768 1572 2875 1615 quae

566 1623 847 1680 praecedunt,
879 1625 941 1668 sic
971 1624 1125 1670 debeat
1152 1628 1449 1683 interpretari:
1494 1627 1626 1682 hanc,
1657 1641 1784 1683 quam
1814 1625 1944 1669 modo
1975 1625 2199 1682 descripsi,
2231 1625 2358 1681 quia
2385 1625 2489 1667 tam
2519 1625 2748 1681 pulchra
2776 1618 2874 1681 est,

566 1706 666 1743 uos,
695 1690 888 1734 Pierides
920 1695 964 1735 et
994 1694 1175 1750 Apollo,
1218 1697 1388 1738 cantate
1432 1697 1539 1749 (non
1582 1696 1683 1751 quia
1727 1696 1771 1738 et
1814 1709 1893 1737 uos
1930 1695 1977 1737 et
2010 1692 2086 1736 illa
2123 1692 2238 1735 docti
2283 1691 2420 1748 estis).
2481 1691 2604 1736 Adde
2644 1692 2728 1737 huc
2766 1707 2873 1751 quae

566 1759 606 1807 4,
637 1759 767 1815 3sqq.
798 1759 1025 1815 leguntur:
1967 1806 1969 1808 ,
2783 1753 2786 1757 r

1049 1829 1186 1872 Crede
1215 1830 1323 1871 mihi
1353 1845 1556 1886 propera:
1586 1845 1666 1872 nec
1695 1833 1740 1882 te
1768 1832 1873 1885 iam,
1904 1829 2096 1881 Phoebe,
2128 1828 2297 1885 pigebit

1115 1896 1328 1939 formosae
1359 1896 1545 1940 medicas
1574 1897 1831 1953 applicuisse
1860 1911 2025 1939 manus.

1045 1963 1206 2020 Effice,
1235 1978 1290 2005 ne
1320 1965 1477 2006 macies
1507 1964 1720 2020 pallentes
1750 1970 1928 2020 occupet
1955 1965 2088 2018 artus,

1113 2045 1198 2073 neu
1229 2033 1354 2074 notet
1382 2031 1580 2074 informis
1611 2031 1793 2073 candida
1822 2031 2014 2073 membra
2042 2031 2161 2073 color
2193 2055 2240 2061 -

569 2102 613 2142 et
642 2101 669 2142 6
682 2132 694 2154 ,
725 2101 853 2155 3sqq.

1044 2164 1156 2207 Lota
1184 2166 1265 2207 tibi
1297 2169 1363 2208 est
1392 2165 1541 2219 hodie,
1572 2166 1654 2207 tibi
1685 2181 1731 2208 se
1762 2167 1995 2208 laetissima
2025 2166 2221 2220 compsit,

1114 2234 1249 2275 staret
1277 2235 1327 2276 ut
1356 2235 1457 2275 ante
1478 2235 1576 2275 tuos
1606 2232 1910 2289 conspicienda
1938 2232 2070 2277 focos.

1047 2300 1130 2342 Illa
1158 2301 1332 2356 quidem
1363 2300 1547 2343 ornandi
1579 2315 1726 2343 causas
1756 2300 1860 2356 tibi,
1891 2300 2012 2356 diua,
2042 2301 2230 2357 relegat:

1114 2370 1181 2411 est
1208 2370 1374 2424 tamen,
1406 2368 1572 2412 occulte
1601 2368 1668 2412 cui
1698 2368 1908 2425 placuisse
1937 2368 2056 2412 uelit.
2093 2393 2140 2400 —

570 2437 615 2478 et
643 2435 691 2490 3,
725 2436 853 2493 7sqq.
2033 2430 2035 2433 Α

1047 2504 1152 2554 Quis
1183 2505 1303 2546 furor
1333 2508 1418 2561 est,
1450 2519 1558 2561 quae
1588 2519 1730 2560 mens,
1762 2505 1918 2546 densos
1948 2504 2156 2561 indagine
2185 2505 2315 2547 colles

1113 2571 1383 2614 claudentem
1414 2579 1582 2615 teneras
1611 2571 1780 2615 laedere
1809 2571 1922 2614 uelle
1952 2572 2135 2614 manus?

1050 2638 1217 2687 Quidue
1246 2639 1368 2682 iuuat
1397 2639 1546 2682 furtim
1575 2639 1761 2682 latebras
1791 2640 1955 2683 intrare
1984 2638 2169 2682 ferarum

1118 2705 1383 2761 candidaque
1412 2705 1597 2750 hamatis
1628 2720 1751 2750 crura
1779 2707 1932 2749 notare
1961 2704 2112 2749 rubis?

1047 2773 1133 2817 Sed
1162 2776 1328 2829 tamen,
1358 2777 1407 2817 ut
1436 2776 1577 2817 tecum
1606 2774 1755 2829 liccat,
1787 2772 2014 2828 Cerinthe',
2045 2774 2213 2829 uagari,

1115 2842 1209 2897 ipsa
1239 2855 1320 2897 ego
1349 2845 1426 2897 per
1453 2843 1624 2885 montes
1653 2842 1763 2885 retia
1791 2843 1908 2885 torta
1937 2841 2070 2884 feram
2103 2866 2153 2873 —

1033 2977 1156 3021 Tunc
1184 2976 1312 3033 mihi,
1343 2980 1448 3022 tunc
1475 2977 1673 3035 placeant
1702 2977 1859 3031 siluae,
1891 2976 1947 3032 si,
1978 2976 2052 3020 lux
2081 2992 2195 3034 mea,
2226 2978 2368 3021 tecum

1119 3058 1276 3101 arguar
1305 3048 1405 3088 ante
1435 3046 1550 3102 ipsas
1580 3045 1862 3089 concubuisse
1890 3044 2061 3101 plagas:

1048 3115 1153 3154 tunc
1181 3113 1327 3154 veniat
1357 3113 1456 3154 licet
1484 3112 1538 3154 ad
1570 3126 1709 3154 casses
1717 3145 1729 3166 ,
1761 3112 1935 3154 illaesus
1965 3112 2115 3166 abibit,

1115 3194 1171 3222 ne
1201 3178 1384 3222 Veneris
1415 3178 1593 3235 cupidae
1623 3178 1783 3235 gaudia
1810 3179 1958 3222 turbet
1988 3194 2090 3235 aper
2121 3203 2172 3211 -

572 3251 615 3298 et
644 3248 691 3304 6,
725 3250 774 3290 11

1045 3314 1136 3358 Nec
1164 3316 1303 3369 possit
1333 3314 1510 3369 cupidos
1539 3315 1728 3370 uigilans
1760 3315 2022 3370 deprendere
2051 3318 2207 3371 custos,

1114 3381 1378 3439 fallendique
1406 3382 1499 3425 uias
1529 3382 1647 3426 mille
1677 3382 1897 3426 ministret
1925 3382 2071 3436 Amor.
