3196 3930
1493 188 1522 236 3

359 323 606 379 consilium,
656 322 772 380 quod
816 337 920 366 num
962 325 1112 367 mutuo
1154 336 1299 366 amore
1342 322 1512 366 arderet
1558 321 1812 378 Cerinthus,
1864 324 1985 367 nullo
2030 324 2125 367 loco
2176 326 2383 381 aperiret3
2440 339 2541 367 nam
2593 323 2655 367 sic

359 391 530 435 demum
559 390 672 447 fieri,
712 392 761 433 ut
790 404 895 447 quas
930 392 1160 448 postremis
1197 390 1458 435 carminibus
1486 391 1727 446 legeremus
1756 391 2050 434 dubitationes
2089 394 2134 434 et
2170 393 2435 448 suspiciones
2471 391 2652 448 puellae,

362 473 436 503 eae
462 460 599 504 iustae
626 458 753 501 nobis
783 472 877 501 esse
906 457 1156 502 uiderentur
1183 472 1232 502 ac
1260 457 1535 503 miseratione
1565 458 1736 515 dignae,
1768 458 1970 502 Fortasse
1999 459 2130 502 etiam
2158 458 2264 503 illud
2296 460 2558 517 perspiceret
2586 460 2654 503 uir

340 517 635 584 vdcctissimus
672 524 904 583 prudentia
943 539 1043 569 uere
1078 526 1354 581 imperatoria
1389 526 1437 568 in
1473 525 1614 569 media
1649 527 1771 581 quasi
1809 527 1898 568 acie
1928 525 2161 583 Sulpiciam
2189 527 2375 583 positam
2404 542 2517 582 esse,
2555 542 2650 570 cum

363 608 397 641 c.
427 595 457 637 2
485 596 529 636 et
556 594 598 653 3,
612 594 707 649 ipsa
742 607 833 634 rem
861 595 1053 647 gereret,
1089 608 1250 636 cornua
1288 593 1341 647 (c.
1375 595 1393 633 l
1427 595 1471 635 et
1498 593 1544 646 4)
1582 591 1745 636 tuenda
1783 592 1866 635 sibi
1905 594 2138 650 sumpsisse
2173 596 2358 650 poetam.
2418 594 2509 638 Iam
2548 609 2651 638 uero

361 662 488 705 aliter
526 662 789 704 instruamus
825 660 979 709 aciem.
1016 664 1229 704 mutemus
1266 659 1502 703 carminum
1542 659 1655 717 loca3
1687 659 1914 703 antecedat
1951 663 2118 704 sextum
2149 659 2382 717 (Natalis
2412 661 2547 704 Iuno
2577 664 2650 719 —)

361 730 515 785 quinto
544 727 664 782 (Qui
692 727 822 771 mihi
851 730 901 771 te
930 726 1193 772 Cerinthe
1214 729 1308 784 —-):
1338 727 1435 783 quis
1451 727 1626 771 tandem
1642 728 1797 784 quibus
1810 728 1948 772 causis
1964 728 2191 772 confusum
2206 730 2433 785 quicqum
2448 732 2523 772 aut
2540 730 2650 772 male

360 795 613 840 collocatum
658 808 749 837 esse
786 794 1086 838 contenderit?
1151 793 1256 846 Quis
1283 793 1434 838 eodem
1470 794 1598 838 modo
1627 795 1794 851 reliqua
1831 796 2046 851 poematia
2083 797 2251 837 misceri
2289 809 2416 851 posse
2465 797 2649 851 negarit,

360 864 537 920 excepto
574 875 661 904 uno
698 861 796 915 illo,
835 861 948 918 quod
987 863 1053 904 est
1081 861 1135 905 de
1165 860 1342 905 Martiis.
1365 862 1573 915 calendis,
1608 862 1723 917 quod
1753 875 1842 904 non
1872 863 1965 904 sine
1995 863 2152 904 damno
2176 864 2238 904 rei
2272 863 2404 905 alium
2434 864 2480 904 in
2509 863 2649 905 locum

358 928 673 973 transferatur?
731 928 828 971 Nisi
858 928 969 971 forte
999 930 1134 972 ullum
1172 944 1313 972 rerum
1351 944 1619 985 processum,
1660 931 1795 973 ullum
1832 930 2083 984 posterioris
2119 931 2323 986 temporis
2358 932 2433 973 aut
2461 933 2651 974 mutatae

355 996 591 1040 amantium
620 995 750 1037 sortis
780 997 825 1038 et
852 996 1118 1040 condicionis
1147 997 1322 1052 signum
1360 998 1407 1038 in
1448 1011 1498 1040 eo
1535 998 1724 1053 conspici
1761 997 1972 1050 dicemus,
2014 997 2129 1052 quod
2170 996 2360 1053 Sulpicia
2397 1012 2487 1039 non
2529 998 2649 1053 prius

356 1066 554 1121 aegrotet
582 1077 709 1120 quam
738 1061 970 1106 cerinthus
999 1066 1204 1107 uenatum
1233 1066 1324 1120 eat,
1360 1067 1435 1107 aut
1461 1065 1575 1120 quod
1603 1063 1817 1120 Sulpiciae
1857 1063 1947 1106 dies
1977 1064 2134 1107 natalis
2165 1080 2254 1107 non
2286 1065 2406 1120 prior
2435 1065 2493 1107 sit
2521 1079 2649 1120 quam

356 1131 565 1176 Cerinthi.
632 1130 744 1175 Nam
784 1130 897 1188 quod
936 1131 1154 1188 Gruppius
1195 1134 1237 1176 et
1267 1130 1499 1176 Teuffelius
1537 1131 1826 1176 ardentiorem
1871 1132 2006 1189 magis
2046 1132 2267 1189 magisque
2307 1135 2351 1176 et
2389 1134 2648 1189 apertiorem

356 1200 480 1243 illum
509 1213 698 1242 amorem
727 1199 821 1242 fieri
851 1199 1090 1253 affirmant,
1122 1213 1200 1256 ego
1230 1199 1423 1256 profecto
1453 1215 1542 1243 non
1566 1200 1717 1255 uideo,
1748 1199 1863 1242 unde
1883 1200 1964 1242 hoc
1984 1200 2205 1255 hauriant3
2236 1202 2367 1244 immo
2388 1215 2490 1243 uero
2511 1201 2649 1242 multo

355 1266 617 1310 modestiora
645 1268 689 1308 et
717 1266 997 1310 submissiora
1032 1269 1147 1321 sunt,
1185 1280 1295 1322 quae
1332 1265 1521 1322 Sulpicia
1557 1282 1591 1310 c.
1628 1268 1656 1308 5
1692 1267 1878 1322 profert,
1921 1282 2048 1321 quam
2085 1282 2193 1321 quae
2222 1282 2259 1310 c.
2289 1270 2316 1310 3
2346 1268 2494 1310 edidit.
2563 1268 2647 1309 Sed

355 1347 560 1390 quorsum
602 1332 708 1376 haec
744 1335 834 1375 tam
863 1333 1000 1375 multa
1037 1333 1089 1375 de
1119 1333 1358 1375 carminum
1388 1332 1570 1375 ordine?
1628 1332 1690 1375 Vt
1719 1332 1831 1375 clare
1861 1334 2045 1386 eluceat,
2089 1347 2197 1387 quae
2235 1335 2424 1375 carmina
2463 1348 2551 1376 non
2591 1334 2653 1375 ita

355 1402 469 1443 inter
497 1414 544 1443 se
581 1400 815 1455 excipiant,
860 1403 909 1443 ut
946 1403 1109 1442 certum
1146 1403 1191 1443 et
1228 1401 1500 1456 perspicuum
1538 1401 1585 1442 in
1625 1399 1800 1442 modum
1830 1403 1960 1455 poeta
1987 1399 2291 1455 progrediatur
2319 1401 2366 1442 in
2397 1400 2648 1456 explicando

359 1469 639 1523 argumento,
675 1481 766 1509 non
794 1467 870 1524 ita,
907 1469 956 1508 ut
992 1467 1165 1522 singula
1198 1467 1292 1516 siue
1326 1468 1504 1522 propter
1540 1469 1783 1522 temporum
1821 1468 2032 1509 rationem
2068 1468 2161 1508 siue
2190 1469 2367 1522 propter
2395 1481 2537 1508 rerum
2567 1466 2650 1508 dis-

355 1534 613 1590 positionem
644 1534 905 1577 immutabili
935 1535 1043 1577 serie
1072 1535 1187 1577 inter
1216 1548 1262 1577 se
1291 1547 1482 1577 connexa
1511 1534 1623 1588 sint,
1655 1547 1704 1575 ea
1733 1533 1920 1575 carmina
1940 1548 2029 1575 non
2054 1535 2170 1575 certa
2188 1532 2515 1588 compositionis
2536 1533 2646 1588 lege,

353 1616 442 1644 non
485 1601 695 1658 singulari
740 1603 980 1645 structurae
1024 1604 1116 1645 arte
1152 1602 1386 1656 contineri,
1431 1602 1545 1644 leuia
1580 1603 1722 1644 autem
1768 1604 1813 1642 et
1856 1600 2036 1643 fortuita
2079 1616 2172 1644 esse
2201 1602 2454 1656 praesertim
2483 1602 2530 1642 ln
2559 1603 2648 1643 tam

352 1669 508 1724 exiguo
536 1683 715 1712 numero
745 1669 980 1711 carminum
1011 1671 1211 1711 externae
1240 1668 1534 1724 symmetriae,
1570 1682 1679 1724 quae
1707 1670 1906 1724 uocatur,
1937 1669 2086 1723 signa,
2118 1668 2243 1724 quale
2274 1671 2340 1711 est
2369 1681 2647 1724 personarum

351 1735 529 1779 alternis
558 1735 840 1791 loquentium.

554 1803 714 1846 Verum
758 1818 813 1846 ne
855 1804 902 1845 in
942 1803 1142 1858 negando
1185 1805 1355 1846 tantum
1396 1818 1616 1845 uersemur
1656 1818 1764 1845 neue
1809 1804 1974 1856 omnia,
2021 1817 2310 1858 quaecumque
2339 1804 2556 1858 Gruppius
2602 1804 2647 1844 in

352 1871 540 1913 medium
580 1872 784 1926 protulit,
829 1870 974 1914 dedita
1002 1884 1133 1925 opera
1160 1871 1415 1926 impugnare
1444 1870 1684 1925 uideamur,
1717 1872 1751 1913 si
1792 1873 2029 1926 quaeritur,
2068 1872 2223 1925 quibus
2252 1870 2380 1912 rebus
2410 1874 2647 1913 commotus

351 1942 479 1993 poeta
521 1938 626 1980 haec
668 1940 855 1980 carmina
891 1939 1109 1994 pepigisse
1144 1937 1360 1993 putandus
1414 1938 1492 1991 sit,
1543 1937 1586 1979 id
1626 1938 1986 1980 uerisimillimum
2034 1952 2126 1989 esse
2169 1938 2373 1990 fatemur,
2420 1952 2469 1979 ex
2512 1938 2646 1992 ipsius

352 1995 564 2061 Sulpiciae
595 2005 805 2061 epistoliis
837 2004 932 2060 (IV,
964 2004 1121 2058 7-12)
1151 2007 1369 2059 tamquam
1399 2020 1447 2048 ex
1477 2006 1599 2048 fonte
1638 2019 1716 2048 suo
1754 2006 1816 2047 ita
1846 2020 1896 2047 ea
1926 2009 2021 2047 orta
2050 2019 2162 2059 esse,
2194 2006 2243 2046 ut
2271 2003 2469 2047 Tibullus
2499 2004 2646 2047 doc-tae

353 2073 468 2115 illius
498 2075 542 2115 et
571 2072 731 2115 nobilis
767 2072 932 2128 puellae
968 2072 1014 2114 in
1044 2071 1269 2115 Messallae
1298 2073 1456 2116 circulo
1486 2087 1629 2116 secum
1658 2072 1846 2115 uiuentis
1877 2072 2147 2128 amicitiaque
2178 2074 2222 2114 et
2251 2071 2471 2114 Musarum
2501 2072 2645 2114 studio

352 2141 436 2181 sibi
456 2140 708 2182 coniunctae
723 2139 843 2182 lusus
858 2139 1048 2193 poeticos
1074 2141 1118 2181 et
1146 2152 1284 2192 nugas
1315 2142 1545 2182 amatorias
1574 2154 1671 2183 cum
1701 2140 1987 2181 delectatione
2015 2140 2199 2182 audierit
2229 2142 2273 2182 et
2292 2154 2381 2182 non
2408 2139 2502 2182 sine
2533 2154 2643 2182 com·

350 2206 626 2261 probatione,
656 2206 731 2249 sed
762 2221 857 2249 cum
887 2220 1014 2249 sensu
1038 2206 1177 2260 magis
1206 2207 1249 2247 et
1277 2205 1429 2248 ardore
1459 2206 1717 2254 excellerent
1747 2220 1874 2262 quam
1903 2207 2025 2262 copia
2048 2208 2092 2249 et
2119 2209 2233 2260 arte,
2265 2207 2409 2261 paucis
2440 2207 2531 2261 ipse
2561 2220 2646 2247 car-

351 2273 539 2317 minibus
580 2288 670 2317 rem
700 2274 974 2317 exornauerit
1001 2274 1226 2329 uariasque
1255 2272 1371 2315 illius
1400 2274 1554 2316 amoris
1594 2272 1864 2316 condiciones
1897 2274 2069 2315 uberius
2100 2273 2351 2315 tractauerit
2380 2273 2645 2327 depromptis

349 2341 507 2395 partim
537 2341 717 2384 canendi
747 2342 885 2384 causis
916 2355 967 2383 ex
994 2340 1207 2395 Sulpiciae
1236 2341 1516 2394 carminibus,
1547 2343 1598 2382 ut
1626 2341 1777 2384 morbo
1807 2341 1975 2394 puellae
2007 2342 2098 2396 (11)
2131 2343 2176 2381 et
2206 2339 2275 2380 die
2295 2339 2430 2380 natali
2457 2339 2502 2394 (8
2523 2343 2567 2380 et
2587 2338 2645 2394 9).

350 2408 434 2449 Hic
471 2409 794 2451 subsistendum
836 2409 1117 2462 arbitramur3
1155 2406 1269 2462 quod
1308 2407 1404 2462 plus
1442 2407 1612 2449 consilii
1656 2410 1827 2461 poetae,
1877 2408 1972 2461 plus
2018 2406 2326 2461 congruentiae
2352 2408 2644 2459 utrorumque

351 2475 607 2529 carminum,
636 2475 733 2529 plus
765 2474 1096 2529 significationis
1136 2473 1188 2515 de
1225 2474 1318 2516 uita
1353 2488 1401 2515 ac
1429 2474 1620 2515 moribus
1652 2472 1865 2527 Sulpiciae
1896 2476 1939 2514 et
1969 2471 2165 2514 Cerinthi
2202 2471 2326 2514 datae
2355 2472 2643 2525 inuestigasse

349 2541 423 2582 alii
461 2541 543 2583 sibi
579 2540 796 2596 uidentur,
838 2540 881 2583 id
913 2555 995 2595 ego
1025 2541 1188 2583 caecior
1224 2556 1340 2595 sum,
1382 2554 1510 2595 quam
1546 2542 1596 2582 ut
1632 2538 1814 2582 uideam.
1873 2538 1974 2581 Non
2004 2537 2153 2590 uideo,
2186 2538 2259 2581 ubi
2291 2538 2488 2580 iuuenem
2519 2552 2644 2581 suum

352 2606 552 2649 timidum
589 2607 803 2662 nimisque
832 2608 1063 2651 demissum
1094 2606 1284 2662 Sulpicia
1313 2620 1405 2649 esse
1436 2607 1734 2662 significarit*,
1764 2620 1854 2648 non
1885 2605 2034 2658 uideo,
2055 2605 2170 2647 unde
2198 2605 2379 2646 obscuro
2402 2605 2523 2646 illum
2553 2606 2645 2659 qui-

354 2673 448 2716 dem
481 2674 574 2717 loco
603 2677 753 2718 natum
785 2678 829 2718 et
856 2689 1100 2730 pauperem,
1131 2674 1205 2717 sed
1227 2674 1403 2730 optimis
1424 2673 1589 2714 artibus
1620 2673 1836 2715 eruditum
1859 2687 1951 2714 esse
1972 2672 2244 2726 appareat**;
2276 2685 2363 2721 non
2385 2671 2524 2723 uideo,
2556 2686 2645 2732 quo

353 2741 444 2783 iure
481 2742 670 2785 animum
701 2743 891 2798 ingenua
919 2742 1064 2798 puella
1089 2742 1268 2798 dignum
1300 2742 1591 2796 intactamque
1620 2742 1860 2783 castitatem
1892 2741 2049 2794 ubique
2080 2742 2226 2793 patere
2255 2738 2523 2792 dicatur***;
2555 2753 2643 2780 non

351 2808 476 2851 uideo
506 2808 713 2866 denique,
743 2824 819 2853 cur
835 2809 1067 2852 Cerinthus
1096 2810 1202 2851 ciuis
1223 2809 1463 2861 Romanus,
1495 2822 1570 2850 cur
1583 2808 1698 2850 idem
1714 2810 1842 2862 atque
1858 2806 2075 2849 Cornutus
2093 2805 2166 2861 (II,
2187 2807 2228 2857 2,
2246 2805 2307 2859 3),
2339 2820 2413 2847 cur
2429 2804 2644 2861 Sulpiciae

350 2889 444 2917 cum
475 2889 525 2918 eo
556 2877 820 2919 consuetudo
851 2876 1060 2919 eiusmodi
1089 2875 1288 2919 habenda
1317 2875 1396 2930 sit,
1426 2875 1473 2917 in
1505 2889 1589 2930 qua
1617 2875 1751 2917 iustas
1782 2877 1960 2928 uterque
1989 2873 2163 2929 nuptias
2194 2873 2464 2928 spectauerit.

550 2942 744 2986 Petentis
782 2946 923 2987 uirum
962 2947 1105 2999 partes
1142 2943 1236 2999 agit
1264 2941 1474 3001 Sulpicia,
1505 2956 1594 2985 non
1622 2942 1782 2998 petitae
1811 2956 1836 2983 a
1865 2941 1971 2983 uiro.
2031 2938 2143 2990 Quid
2174 2939 2310 2994 ergo?
2370 2937 2642 2996 Sequiturne,

350 3010 397 3051 ut
436 3008 554 3052 adire
591 3009 777 3065 puellam
807 3009 1038 3054 Cerinthus
1068 3025 1156 3054 non
1193 3003 1377 3054 audeat?
1435 3009 1495 3051 At
1533 3008 1602 3050 die
1641 3012 1683 3050 et
1719 3010 1844 3050 nocte
1884 3022 1975 3049 eam
2015 3008 2276 3048 conuenerat
2311 3007 2375 3060 (8,
2406 3008 2444 3048 2.
2478 3008 2542 3061 12,
2572 3008 2644 3061 5);

351 3076 397 3117 at
425 3074 528 3118 iram
562 3075 652 3119 eius
683 3077 961 3134 excitauerat,
992 3077 1105 3134 quod
1127 3077 1396 3120 formositate
1426 3089 1503 3118 sua
1531 3077 1712 3117 nimium
1733 3076 1868 3117 fretus
1890 3077 1978 3118 tam
2009 3088 2180 3116 securus
2211 3088 2304 3116 esse
2334 3074 2562 3117 uidebatur
2591 3074 2644 3114 de

594 3245 616 3267 θ
640 3247 792 3292 Gruppe
815 3259 850 3293 p.
868 3251 923 3285 56.
972 3246 1114 3283 Teuffel
1138 3257 1172 3291 p.
1190 3249 1268 3283 366.

572 3301 617 3322 *⁴*
640 3302 791 3349 Gruppe
814 3315 849 3349 p.
868 3307 924 3340 63.
971 3302 1113 3339 Teuffel
1137 3314 1175 3349 p.
1192 3306 1269 3340 366.

475 3354 478 3357 ’
549 3357 616 3381 ''⁴“
641 3358 792 3406 Gruppe
815 3371 851 3408 p.
865 3363 919 3398 45.

2322 3414 2376 3462 1*
