3196 3930
1511 339 1514 340 γ
1535 267 1721 342 ‚trel-Q?a

489 403 535 443 in
551 400 725 444 modum
741 401 973 443 conuenire
990 414 1079 442 non
1101 399 1259 455 ignoro
1284 425 1325 432 —
1356 403 1399 442 et
1419 402 1455 443 si
1477 402 1744 456 ignorarem,
1774 402 1828 443 ab
1860 403 1912 444 A.
1932 401 2248 444 Petersenio
2272 403 2460 458 docerer,
2482 406 2555 459 qui
2576 404 2623 446 in
2642 402 2792 446 libello

489 470 540 511 de
571 468 713 525 quarti
743 468 845 510 libri
867 467 1106 510 Tibulliani
1139 468 1337 523 elegidiie
1368 483 1598 524 eorumque
1627 471 1801 511 auctore
1831 469 2111 524 conscripto*
2141 469 2221 512 hos
2251 469 2368 513 locos
2398 471 2576 527 collegit
2605 474 2649 514 et
2676 472 2791 513 inter

487 552 532 578 se
563 537 779 579 commisit
819 561 867 566 -
909 538 1055 577 tamen
1093 549 1189 577 cum
1228 541 1271 577 et
1300 550 1479 578 numero
1505 538 1550 578 et
1579 549 1738 590 genere
1767 537 1844 578 illa
1872 536 1997 578 ualde
2026 536 2229 579 differant
2256 538 2310 579 ab
2332 539 2417 592 eis,
2455 553 2563 593 quae
2593 539 2674 582 hoc
2704 553 2791 581 car·

486 605 602 646 mine
632 603 687 645 ad
716 603 1269 712 priorffiimilitudinem
1300 603 1443 645 efficta
1473 603 1690 657 uidemus,
1732 619 1782 646 ea
1819 619 1864 646 re
1903 604 2144 646 confirmari
2181 604 2327 659 potius
2356 605 2464 647 mihi
2492 605 2666 649 uidetur
2694 620 2789 649 sen·

485 672 625 714 tentia
653 685 750 713 mea
777 685 835 726 qu
934 669 1088 713 refelli.
1137 670 1326 721 Accedit,
1365 670 1478 724 quod
1518 673 1593 712 aut
1630 671 1881 714 ineuntibus
1918 673 1993 712 aut
2030 671 2284 713 exeuntibus
2314 672 2576 715 carminibus
2606 672 2792 728 plurima

486 753 634 782 eorum
664 740 856 792 exstant,
897 753 1004 793 quae
1040 738 1234 780 imitator
1262 737 1345 780 huc
1374 738 1544 780 traiecit
1574 738 1624 792 (Ι,
1649 739 1687 793 7,
1713 740 1749 780 1.
1789 738 1845 793 II,
1865 739 1906 793 4,
1932 740 1969 781 1.
2008 737 2041 793 1,
2064 738 2103 792 9,
2124 737 2190 782 80.
2228 737 2284 794 II,
2308 739 2345 794 l,
2367 738 2457 791 83).
2500 739 2657 783 Aliena
2675 741 2790 783 enim

485 807 676 848 carmina
698 806 777 848 hac
792 806 890 859 lege
906 806 1112 847 memoria
1127 805 1353 858 complecti
1377 806 1588 859 solemus,
1617 808 1665 847 ut
1685 806 1811 847 initia
1826 806 2008 847 maxime
2032 807 2076 847 et
2099 806 2238 848 exitus
2263 806 2546 852 retineamus:
2575 822 2682 862 quae
2706 809 2789 863 ipsi

486 874 765 917 commentati
811 875 855 914 et
904 872 1100 914 meditati
1144 886 1310 924 sumus,
1357 886 1406 914 ea
1450 873 1582 927 longe
1625 872 1720 913 aliis
1768 870 2009 913 rationibus
2055 876 2130 913 aut
2174 871 2354 914 haerent
2399 873 2446 914 in
2483 874 2690 916 memoria
2717 876 2792 916 aut

489 941 703 984 excidunt.

690 1006 773 1049 Sed
805 1007 889 1048 iam
919 1007 1025 1048 satis
1055 1006 1191 1048 multa
1221 1005 1274 1047 de
1304 1006 1682 1061 similitudinibus3
1713 1008 1860 1060 restat,
1890 1009 1940 1047 ut
1959 1020 2223 1060 quaeramus,
2253 1021 2357 1058 num
2378 1008 2423 1048 iu
2447 1010 2571 1048 tanto
2591 1009 2790 1049 imitandi

486 1075 631 1116 studio
661 1074 727 1115 sui
748 1076 893 1114 tamen
924 1073 1015 1113 stili
1044 1073 1234 1126 uestigia
1263 1076 1411 1113 auctor
1441 1072 1703 1126 deprehendi
1734 1088 1883 1126 passus
1923 1074 1992 1114 sit.
2035 1074 2128 1122 Qua
2163 1074 2209 1113 in
2239 1087 2285 1114 re
2315 1074 2489 1126 omitto,
2520 1087 2648 1128 quam
2677 1076 2792 1116 inso-

485 1144 646 1183 lentem
677 1142 722 1181 in
752 1140 927 1181 modum
958 1139 1119 1181 dietum
1149 1140 1207 1181 sit
1236 1141 1450 1180 mutuus
1482 1139 1541 1180 de
1572 1140 1727 1180 nobis
1758 1153 1900 1181 amor
1930 1139 2094 1192 adsit,
2140 1139 2294 1181 omitto
2324 1140 2576 1193 quoniam
2608 1140 2789 1195 particu-

484 1210 569 1251 lam
602 1208 710 1264 (19),
741 1222 849 1262 quae
879 1222 974 1250 cum
1005 1206 1255 1262 saepissime
1285 1222 1309 1249 a
1339 1206 1567 1261 Propertio
1605 1209 1648 1250 et
1678 1206 1833 1249 Ouidio
1878 1208 2129 1261 usurpetur,
2169 1205 2282 1262 apud
2321 1205 2541 1250 Tibullum
2578 1221 2789 1264 nusquam

486 1276 670 1318 occurrit
717 1274 851 1327 (nam
896 1274 1149 1328 particulam
1189 1274 1279 1316 eius
1310 1274 1404 1316 loco
1444 1273 1646 1315 adhibere
1683 1274 1839 1328 solet):
1892 1273 1998 1315 illud
2030 1273 2397 1316 animaduertatur
2426 1274 2576 1329 uelim,
2606 1274 2660 1317 ad
2690 1289 2789 1317 oon-

485 1341 736 1386 formandae
781 1342 991 1385 orationis
1046 1341 1252 1396 quosdam
1297 1340 1448 1382 modos
1492 1341 1805 1395 uerborumque
1849 1340 2010 1395 figuras
2056 1340 2198 1395 ignoti
2242 1341 2358 1383 illius
2400 1343 2553 1396 poetae
2596 1343 2787 1384 animum

489 1411 741 1464 inclinasse,
773 1424 882 1466 quae
903 1410 1079 1452 Tibullo
1110 1412 1184 1451 aut
1214 1410 1391 1451 omnino
1435 1422 1521 1450 non
1553 1408 1642 1449 sint
1672 1409 1717 1449 in
1748 1423 1826 1449 usu
1856 1411 1931 1449 aut
1960 1410 2074 1450 certe
2103 1422 2192 1451 non
2221 1409 2302 1463 ita,
2345 1411 2394 1451 ut
2423 1409 2489 1451 bis
2519 1412 2640 1452 terue
2671 1409 2789 1451 dein-

485 1494 583 1534 ceps
627 1493 676 1522 ea
721 1478 938 1523 adhibeat.
997 1476 1092 1519 Hoc
1140 1478 1186 1518 in
1230 1490 1406 1518 numero
1453 1479 1519 1517 est
1562 1475 1669 1517 illud
1707 1489 1843 1531 genus
1882 1475 2086 1518 distincte
2129 1477 2457 1531 pronominibus
2488 1478 2787 1533 exprimendae

483 1546 676 1599 relatiui,
725 1544 839 1600 quod
872 1544 1042 1598 (licitur,
1074 1544 1254 1585 membri
1286 1545 1330 1585 et
1359 1542 1690 1585 demonstratiui
1719 1543 1914 1597 rationis,
1945 1544 2060 1598 quod
2091 1544 2296 1586 habemus
2330 1547 2348 1586 1
2381 1546 2470 1599 qui
2514 1545 2621 1586 mihi
2666 1545 2788 1586 dedit

485 1639 537 1644 —-
568 1614 656 1654 hic
685 1613 791 1654 mihi
822 1615 1016 1666 sanctus3
1046 1612 1074 1652 5
1103 1611 1223 1652 iuuat
1252 1609 1522 1664 hoc-quod
1548 1624 1649 1651 uror
1681 1610 1775 1664 (cfr.
1811 1611 1859 1652 17
1891 1613 2015 1664 optat
2044 1610 2185 1652 idem
2220 1636 2263 1642 —
2296 1612 2432 1665 quod
2463 1612 2576 1666 nos).
2618 1612 2786 1654 Deinde

486 1681 569 1723 huc
598 1680 893 1734 referendum,
938 1678 1052 1734 quod
1084 1679 1179 1720 lusu
1215 1677 1327 1732 apud
1359 1677 1561 1719 Ouidium
1606 1677 1954 1732 frequentissimo
1999 1678 2146 1720 eadem
2183 1679 2316 1721 uerba
2359 1681 2403 1720 et
2451 1680 2589 1734 primo
2639 1681 2684 1721 et
2721 1694 2787 1721 ex-

481 1753 620 1787 tremo
651 1762 799 1787 uersus
830 1746 898 1786 uel
930 1745 1104 1786 distichi
1131 1746 1225 1786 loeo
1246 1746 1388 1797 posita
1417 1747 1539 1785 sunt:
1578 1745 1617 1786 2.
1639 1746 1666 1786 3
1687 1748 1737 1786 te
1767 1748 1968 1786 nascente
1999 1768 2052 1775 -—-
2081 1747 2266 1799 superba
2294 1746 2398 1788 tibi
2427 1747 2522 1789 —5
2538 1745 2674 1788 Vror
2704 1761 2785 1801 ego

481 1840 538 1846 —
568 1814 682 1870 quod
713 1827 839 1856 uror
872 1837 919 1843 -
956 1813 1005 1855 17
1037 1810 1200 1867 Optat
1230 1811 1344 1853 idem
1378 1836 1427 1842 —
1458 1810 1613 1852 tectius
1644 1812 1807 1866 optat.
1869 1809 1991 1853 Adde
2021 1810 2104 1853 huc
2133 1810 2383 1854 traducendi
2413 1810 2520 1854 illud
2557 1811 2784 1855 artificium

482 1896 581 1924 uere
605 1880 886 1935 Ouidianum,
918 1879 1032 1935 quod
1064 1880 1110 1921 in
1141 1893 1191 1921 eo
1221 1879 1410 1934 positum
1439 1881 1524 1932 est,
1558 1881 1605 1919 ut
1620 1880 1747 1933 poeta
1763 1879 1970 1920 uocabulo
1988 1881 2153 1921 mutata
2182 1879 2322 1922 forma
2351 1894 2400 1922 ex
2430 1881 2626 1935 proximo
2658 1896 2784 1924 uersu

483 1953 658 2004 excepto
708 1963 868 1991 nouum
930 1948 1124 1990 ordiatur
1160 1962 1352 1989 uersum:
1396 1947 1435 1988 6.
1459 1947 1481 1987 7
1513 1948 1726 1987 mutuus
1772 1947 1887 2001 ignis
1940 1946 2089 1988 adest
2127 1971 2184 1978 --
2220 1950 2431 1990 mutuus
2481 1948 2631 1990 adsit
2667 1964 2786 1992 amor

482 2042 536 2046 —
571 2016 609 2058 8.
642 2016 668 2057 9
699 2017 1032 2070 Geniumque
1061 2028 1170 2069 rogo
1200 2040 1250 2045 —
1283 2026 1439 2067 magne
1470 2013 1619 2055 Geni.
1651 2012 1742 2054 Hac
1763 2016 1885 2054 tanta
1906 2013 2140 2067 figurarum
2161 2015 2305 2067 copia,
2342 2014 2423 2056 hoc
2443 2016 2586 2057 uerbis
2607 2016 2784 2058 ludendi

482 2084 625 2126 studio
663 2085 843 2138 aliisque
880 2084 1009 2124 rebus
1048 2082 1209 2123 fact-um
1250 2085 1333 2134 est,
1378 2085 1427 2122 ut
1456 2084 1596 2121 totum
1626 2095 1796 2122 carmen
1826 2080 1953 2122 aliam
1983 2081 2167 2135 speciem
2196 2081 2401 2136 praebeat
2435 2096 2484 2123 ac
2514 2081 2782 2125 Tibulliana:

482 2152 659 2193 discissa
688 2152 848 2205 magis,
880 2153 929 2191 ut
957 2150 1019 2191 ita
1049 2149 1207 2203 dicam,
1240 2151 1283 2191 et
1312 2148 1572 2191 articulatim
1602 2148 1864 2190 comminuta
1894 2149 2053 2203 orati03
2097 2148 2234 2191 maior
2263 2162 2311 2191 ac
2339 2163 2473 2204 prope
2502 2150 2660 2192 nimius
2689 2164 2783 2205 par-

480 2218 707 2260 ticularum
747 2220 791 2259 et
830 2216 1132 2271 pronominum
1170 2231 1394 2270 numerus;
1438 2217 1531 2257 tota
1571 2214 1659 2256 fere
1696 2215 1762 2256 uis
1801 2215 2001 2256 carminis
2042 2216 2089 2256 in
2126 2215 2270 2257 uerbis
2317 2215 2628 2272 uerborumque
2672 2230 2784 2259 com-

484 2285 683 2340 plexione
714 2284 874 2340 posita,
906 2298 995 2325 non
1025 2284 1072 2326 in
1101 2283 1251 2337 rebus,
1291 2297 1397 2338 quae
1428 2284 1528 2324 ante
1558 2282 1703 2324 oculos
1733 2286 1971 2336 ponuntur3
2015 2296 2224 2337 nusquam
2255 2281 2489 2325 formosum
2540 2297 2693 2339 corpus
2722 2284 2784 2326 ita

478 2346 856 2407 repraesentatum·
892 2353 941 2393 ut
980 2351 1026 2393 in
1065 2352 1218 2394 ceteris
1257 2351 1383 2392 huius
1414 2350 1514 2391 libri
1546 2349 1696 2403 elegiis
1740 2350 1940 2390 omnibus
1985 2349 2080 2404 (cfr.
2120 2364 2188 2404 ea,
2234 2364 2342 2404 quae
2379 2364 2508 2405 supra
2546 2350 2599 2392 de
2629 2350 2708 2392 hac
2736 2366 2783 2392 re

482 2419 701 2474 disputata
716 2422 818 2460 sunt
837 2419 952 2473 p.4)3
987 2417 1176 2473 Sulpicia
1191 2433 1280 2458 non
1310 2421 1399 2458 tam
1430 2418 1643 2457 commoto
1675 2416 1816 2457 animo
1848 2419 1949 2458 uota
1979 2416 2177 2466 fundens,
2209 2431 2336 2470 quam
2366 2416 2587 2459 dialectica
2615 2420 2783 2460 ratione

480 2500 718 2540 exponens,
764 2485 866 2539 quid
897 2485 990 2525 fieri
1021 2485 1186 2539 cupiat3
1224 2484 1409 2538 denique
1438 2485 1579 2524 totum
1610 2497 1799 2535 carmen,
1828 2483 1867 2536 'si
1898 2484 2037 2525 solum
2066 2498 2143 2538 per
2171 2498 2217 2526 se
2246 2483 2552 2539 consideraris,
2583 2484 2780 2540 facetum,

479 2553 758 2605 concinnum,
791 2552 1046 2606 expolitum3
1076 2552 1113 2592 si
1143 2565 1237 2593 cum
1269 2552 1420 2593 ceteris
1451 2551 1783 2604 computrueris,
1816 2550 1960 2605 dispar
1990 2553 2034 2594 et
2063 2551 2261 2594 alienum.

682 2697 703 2719 ὓ
727 2697 944 2742 Programm
970 2697 1034 2733 des
1059 2697 1324 2743 Gymnasiums
1349 2709 1393 2733 zu
1418 2695 1641 2733 Glfickstadt
1667 2700 1764 2737 1849.
