3196 3930
1462 210 1492 262 9

325 350 500 409 scripsit
524 350 576 407 5,
606 349 632 393 51
663 363 726 405 sq.

862 413 1037 456 Mutuus
1066 413 1182 456 adsit
1210 430 1352 469 amor,
1382 430 1460 469 per
1487 417 1532 457 te
1561 415 1807 458 dulcissima
1834 415 1951 458 furta

917 496 1078 536 perque
1107 482 1206 524 tuos
1235 481 1381 524 oculos
1410 495 1489 536 per
1517 481 1786 535 Geniumque
1813 493 1922 536 rogo
1953 506 2007 515 —

326 552 472 596 1188010
501 566 558 595 an
581 564 672 593 non
698 548 806 591 satis
825 548 1036 604 apposite,
1065 564 1161 592 cum
1183 548 1336 593 ceteris
1364 548 1625 593 carminibus
1640 547 1789 604 (2—6)
1816 548 1880 592 ita
1900 562 1991 591 rem
2018 547 2259 592 instituerit
2286 549 2426 605 poeta,
2450 550 2499 592 ut
2530 547 2622 592 dul-

326 618 497 661 cissima
523 616 601 659 illa
627 614 745 657 furta
769 613 961 657 nondum
993 614 1206 669 Sulpiciae
1236 615 1448 670 obtigisse
1476 615 1713 659 videantur.
1744 640 1800 648 —
1827 615 2036 658 Memoria
2064 616 2241 659 tenebat
2266 616 2311 671 I,
2340 616 2390 671 6,
2420 617 2477 659 35

865 681 928 724 Te
955 683 1076 725 tenet
1083 714 1095 734 ,
1125 682 1324 725 absentes
1353 682 1461 724 alios
1489 682 1677 738 suspirat
1704 696 1870 725 amores
1894 705 1946 715 —

327 754 372 795 et
399 750 443 807 I,
472 750 520 806 3,
548 749 605 794 33
895 759 898 763 '
1600 788 1611 793 -

865 815 989 866 Quod
1017 817 1055 859 si
1083 816 1236 860 fatales
1265 818 1351 859 iam
1380 831 1495 860 nunc
1523 818 1784 874 explevimus
1813 832 1949 861 annos
1983 841 2033 849 —

325 885 499 940 scripsit
526 885 578 937 5,
611 884 661 925 ll

865 949 989 1000 Quod
1019 950 1056 992 si
1085 950 1199 993 forte
1227 950 1334 994 alios
1363 950 1449 994 iam
1477 966 1592 994 nunc
1620 953 1809 1007 suspirat
1836 965 2002 995 amores
2025 976 2075 983 -

531 1017 702 1067 Quanto
739 1016 880 1072 aptius
918 1017 1161 1072 suspirandi
1197 1033 1283 1060 uox
1318 1018 1409 1061 illic
1436 1021 1642 1073 usurpata
1676 1020 1735 1062 sit
1763 1019 1888 1062 facile
1924 1019 2207 1074 intellegitur.
2266 1017 2358 1061 Nec
2381 1017 2489 1061 illud
2519 1018 2621 1062 iam

327 1100 435 1128 nun
448 1099 471 1128 c
490 1082 855 1128 accommodatum
874 1083 1047 1127 uidetur
1060 1084 1289 1140 11010100ος
1320 1085 1533 1140 quomodo
1554 1087 1669 1129 enim
1689 1087 1788 1129 iam
1807 1086 1966 1129 infidus
1982 1087 2020 1129 is
2036 1085 2120 1128 dici
2139 1087 2303 1141 potest,
2335 1086 2408 1140 qui
2428 1084 2622 1128 nondum

327 1151 438 1195 fidus
463 1149 576 1194 fuit?
605 1149 820 1206 quomodo
841 1165 864 1194 0
884 1151 1067 1194 01000118
1096 1152 1196 1195 iam
1226 1152 1405 1208 effugiet
1423 1153 1481 1205 is,
1513 1154 1586 1208 qui
1614 1153 1807 1196 nondum
1837 1154 2016 1196 vinculis
2045 1153 2245 1195 tenetur?
2276 1151 2360 1193 Sed
2390 1155 2440 1193 ut
2459 1152 2623 1206 reliqua

327 1230 651 1274 persequamur,
681 1219 887 1261 memoria
915 1219 1091 1261 tenebat
1119 1220 1312 1262 imitator
1340 1219 1403 1275 11,
1432 1220 1480 1275 3,
1512 1220 1568 1261 64

875 1285 941 1327 Tu
971 1299 1139 1341 quoque
1168 1287 1369 1342 deuotos,
1400 1286 1586 1342 Bacche,
1615 1287 1811 1341 relinque
1841 1287 1955 1329 lacus
1978 1312 2027 1317 —

328 1353 501 1407 scripsit
528 1353 576 1404 5,
610 1352 662 1394 12

883 1418 1005 1461 Tunc
1033 1434 1182 1475 precor
1210 1419 1390 1474 infidos,
1420 1423 1587 1476 sancte,
1617 1422 1811 1476 relinque
1840 1421 1970 1464 focos.

530 1484 727 1540 Denique
763 1487 969 1528 memoria
1003 1487 1179 1530 tenebat
1216 1487 1285 1542 (ut
1321 1486 1433 1529 hanc
1477 1489 1804 1532 similitudinem
1840 1489 2058 1530 omittam:
2097 1486 2139 1543 Ι,
2176 1487 2222 1543 9,
2252 1488 2307 1530 63
2342 1487 2443 1530 illa
2470 1487 2622 1530 nulla

329 1554 495 1609 queat
522 1551 713 1596 melius
737 1577 786 1585 -
812 1553 861 1608 5,
896 1553 948 1596 16
975 1554 1124 1597 nulla
1153 1556 1313 1609 queat
1340 1555 1587 1610 posthac)
1617 1555 1681 1611 H,
1715 1557 1760 1611 1,
1791 1555 1845 1598 83

808 1619 898 1663 Vos
928 1621 1137 1664 celebrem
1166 1623 1337 1664 cantate
1366 1621 1493 1664 deum
1520 1624 1760 1676 (Amorem)
1790 1623 2017 1677 pecorique
2046 1624 2195 1664 uocate

874 1701 999 1731 uoce:
1029 1688 1171 1743 palam
1199 1689 1365 1744 pecori,
1396 1689 1505 1731 clam
1534 1690 1618 1731 sibi
1647 1690 1827 1745 quisque
1855 1692 1999 1740 uocet,

810 1755 901 1798 Aut
930 1756 1060 1798 ctiam
1089 1756 1174 1798 sibi
1203 1757 1382 1812 quisque
1410 1757 1573 1812 palam:
1603 1772 1704 1799 nam
1732 1757 1860 1799 turba
1888 1756 2032 1799 iocosa

877 1823 1090 1879 obstrepit
1119 1825 1164 1866 et
1192 1822 1384 1880 Phrygio
1413 1824 1521 1868 tibia
1550 1838 1678 1868 curua
1705 1839 1814 1868 sono
1847 1849 1896 1855 —

532 1889 651 1934 Haec
679 1890 741 1934 ita
768 1891 816 1934 10
845 1905 969 1934 80010
997 1904 1121 1934 usum
1150 1891 1366 1934 conuertit
1393 1892 1433 1947 5,
1467 1892 1517 1935 17
1527 1906 1620 1948 sqq.

811 1958 944 2015 Optat
971 1959 1086 2002 idem
1114 1959 1305 2015 iuuenis,
1335 1959 1449 2016 quod
1479 1974 1579 2015 nos,
1610 1959 1684 2003 sed
1714 1960 1869 2003 tectius
1900 1961 2041 2015 optat:

881 2041 983 2069 nam
1010 2026 1145 2083 pudet
1173 2027 1278 2070 haec
1305 2027 1429 2070 illum
1459 2027 1598 2070 dicere
1627 2027 1759 2070 uerba
1786 2027 1939 2082 palam.‘

832 2093 893 2135 At
920 2095 992 2149 tu,
1021 2093 1213 2148 Natalis,
1245 2095 1447 2148 quoniam
1476 2093 1579 2136 deus
1610 2094 1756 2136 omnia
1783 2095 1938 2148 sentiS,

876 2160 1041 2204 adnue:
1071 2160 1175 2216 quid
1204 2161 1357 2217 refert,
1388 2161 1553 2203 clamne
1581 2161 1779 2216 palamne
1807 2163 1934 2216 roget
1962 2186 2004 2191 —

532 2226 601 2268 Ex
630 2226 713 2269 hoc
741 2228 835 2269 1000
865 2228 1079 2282 Gruppius
1107 2229 1237 2271 nimis
1268 2228 1507 2270 modestum
1545 2243 1637 2271 esse
1667 2227 1921 2270 Cerinthum
1951 2228 2128 2282 collegit
2165 2229 2442 2283 superarique
2470 2244 2496 2271 a
2526 2227 2619 2271 Sul-

331 2293 461 2347 picia,
482 2307 601 2347 vquae
630 2294 825 2348 ineptum
853 2297 1027 2337 tenerae
1062 2296 1215 2337 aetatis
1252 2294 1459 2349 pudorem
1495 2295 1580 2336 iam
1621 2294 1899 2349 deposuisset.
1962 2293 2109 2348 Falso,
2140 2286 2308 2349 opinor.
2367 2294 2478 2337 Nam
2517 2295 2622 2337 haec

333 2360 399 2402 est
427 2358 511 2402 loci
540 2360 778 2404 sententia:
815 2374 923 2417 quae
953 2374 1055 2417 ego,
1094 2359 1302 2418 Sulpicia,
1332 2362 1433 2417 quia
1462 2361 1554 2404 sola
1581 2374 1695 2403 nunc
1725 2375 1819 2403 sum
1848 2374 1927 2402 nec
1956 2375 1982 2402 a
2019 2374 2234 2416 quoquam
2263 2360 2434 2411 audior,
2474 2364 2621 2416 aperte

333 2427 458 2482 opto,
488 2440 540 2471 ea
568 2425 800 2471 cerinthus
829 2430 943 2471 tecte
972 2431 1114 2485 optat,
1142 2430 1241 2485 quia
1269 2430 1315 2471 in
1340 2432 1624 2485 cognatorum
1653 2430 1867 2470 conuentu
1897 2428 2081 2470 Genium
2111 2428 2262 2469 adorat
2288 2431 2332 2468 01
2360 2428 2501 2482 palam
2530 2443 2620 2469 rem

335 2492 515 2550 faceret,
546 2495 583 2537 si
612 2495 755 2538 uerbis
785 2498 936 2538 uotum
964 2498 1219 2553 conciperet.

538 2561 691 2604 Finem
710 2577 826 2605 110110
845 2563 983 2605 facere
1002 2579 1178 2619 possum
1208 2563 1478 2618 disputandi3
1509 2579 1610 2605 nam
1631 2578 1739 2617 quae
1759 2565 1806 2603 in
1827 2577 1919 2605 eam
1940 2577 2008 2604 me
2028 2562 2297 2604 adduxerunt
2318 2562 2618 2615 suspicionem,

334 2629 384 2669 ut
410 2627 493 2671 hoc
521 2642 692 2673 carmen
723 2629 1017 2674 Tibullianum
1046 2646 1138 2674 esse
1167 2645 1257 2674 non
1285 2634 1452 2687 putem,
1484 2645 1534 2673 08
1562 2629 1707 2673 omnia
1735 2628 1825 2671 fere
1855 2629 2043 2686 exposui.
2103 2626 2187 2672 Sed
2217 2627 2344 2671 audio
2365 2627 2620 2670 clamantes:

335 2694 440 2749 quid
468 2697 538 2751 tu,
575 2696 758 2751 insulse,
795 2712 886 2739 rem
922 2699 1130 2751 relinquis
1158 2699 1441 2749 incohatam?
1477 2699 1595 2738 itane
1629 2697 1756 2737 nobis
1793 2697 2039 2750 persuaderi
2077 2711 2201 2749 posse
2230 2698 2356 2749 putas
2364 2728 2375 2748 ,
2415 2710 2523 2749 quae
2553 2698 2621 2737 tot

339 2762 505 2803 saecula
533 2763 704 2816 tulerit,
735 2779 828 2805 eam
858 2765 1039 2818 elegiam
1068 2780 1183 2806 11000
1211 2764 1503 2818 proiciendam
1533 2762 1659 2806 088οῬ
1717 2762 1804 2806 Ubi
1832 2765 1935 2806 sunt
1961 2764 2076 2806 certa
2096 2762 2170 2805 illa
2197 2763 2241 2804 et
2260 2760 2491 2804 manifesta
2510 2759 2622 2804 frau-

337 2825 402 2870 dis
448 2831 577 2882 atque
618 2829 946 2874 adulterationis
993 2831 1139 2886 signa,
1188 2831 1365 2874 metrica
1403 2830 1526 2887 uitia,
1565 2829 1805 2874 soloecismi
1847 2829 2057 2884 exempla,
2095 2827 2303 2872 absurdae
2350 2828 2621 2870 sententiae?

336 2891 550 2937 Nimirum
579 2896 706 2952 plane
735 2897 904 2941 absunt.
969 2897 1119 2953 Neque
1155 2897 1269 2940 enim
1305 2897 1539 2941 monachus
1581 2896 1754 2952 quidam
1783 2896 1936 2951 medii,
1967 2896 2080 2951 quod
2111 2895 2287 2949 dicitur,
2321 2896 2435 2950 aeui,
2470 2910 2622 2950 parum

334 2959 527 3006 eruditus
564 2962 715 3021 homo,
745 2965 879 3008 animi
907 2965 1196 3022 temporisque
1225 2963 1404 3009 fallendi
1434 2979 1560 3008 causa
1587 2964 1666 3008 hos
1694 2977 1842 3007 uersus
1870 2963 2093 3018 conflauit,
2125 2962 2198 3006 sed
2234 2962 2423 3017 aequalis
2446 2961 2621 3017 Tibulli,

331 3042 413 3071 usu
443 3031 488 3072 01
514 3031 703 3075 amicitia
732 3033 772 3075 ei
808 3033 1081 3088 coniunctus,
1119 3032 1361 3088 praeclarae
1390 3033 1550 3076 indolis
1587 3033 1754 3075 iuuenis
1784 3034 1828 3073 et
1864 3032 2025 3086 optime
2055 3030 2268 3085 eruditus,
2300 3030 2373 3085 qui
2402 3032 2548 3073 1811100
2578 3031 2623 3072 10

333 3094 605 3140 inueniendis
633 3099 1013 3156 excogitandisque
1040 3100 1168 3142 rebus
1197 3099 1391 3142 nondum
1420 3101 1503 3142 sibi
1524 3099 1769 3142 confideret.
1827 3098 1870 3140 Is
1900 3099 1991 3140 siue
2021 3098 2337 3140 exercitationis
2363 3098 2501 3150 gratia
2531 3099 2622 3139 siue

336 3164 627 3207 uenerationis
656 3166 751 3209 siue
780 3167 910 3209 etiam
937 3180 1015 3222 per
1043 3168 1184 3209 iocum
1213 3168 1257 3208 01
1284 3166 1434 3208 1011010
1470 3181 1587 3221 eum,
1626 3180 1753 3221 quem
1781 3179 1859 3220 pro
1890 3167 2062 3207 auctore
2106 3164 2346 3207 studiorum
2376 3178 2549 3205 suorum
2580 3168 2624 3206 et

336 3230 545 3285 magistro
574 3231 782 3289 habebat,
819 3234 900 3276 hoc
928 3233 1057 3276 modo
1087 3234 1280 3275 imitatus
1311 3236 1397 3287 est,
1436 3247 1521 3287 quo
1550 3232 1679 3274 modo
1708 3232 1945 3287 perfectum
1981 3235 2153 3286 poetam
2184 3247 2229 3274 se
2267 3232 2406 3286 ipsum
2435 3245 2622 3285 unquam

334 3296 548 3340 imitatum
585 3312 677 3341 esse
715 3313 798 3355 ego
838 3315 863 3343 a
890 3314 960 3342 me
988 3301 1218 3355 impetrare
1254 3313 1343 3342 non
1372 3314 1547 3355 possum
1576 3301 1625 3340 ut
1653 3299 1835 3341 credam.
1894 3298 2005 3341 Nam
2033 3313 2289 3353 quamquam
2318 3298 2424 3339 alios
2455 3311 2623 3352 quoque

332 3363 451 3406 locos
489 3366 631 3419 quarti
670 3366 772 3415 libri
810 3367 880 3410 uel
918 3368 1135 3409 sententia
1171 3366 1241 3409 uel
1278 3366 1418 3413 forma
1453 3366 1661 3409 orationis
1698 3380 1792 3408 cum
1827 3366 2019 3420 priorum
2057 3365 2264 3407 librorum
2294 3364 2399 3406 locis
2437 3363 2622 3418 aliquem

2325 3431 2354 3474 2
