3196 3930
1449 196 1480 243 5

524 326 616 369 Hos
645 328 761 369 locos
799 326 957 368 iudicio
993 341 1080 369 non
1120 330 1396 384 praesumpto
1433 327 1678 378 considera,
1715 339 1894 381 quae803
1932 339 2150 380 compara,
2188 337 2297 379 quae
2335 321 2525 379 Sulpicia
2562 322 2615 366 de

324 392 494 447 gaudiis
523 395 612 438 suis
643 397 687 437 et
705 394 817 436 curis
848 408 904 436 cc.
936 394 973 436 7.
1008 394 1074 441 10.
1107 394 1160 437 12
1188 394 1324 439 libere
1352 396 1599 453 profitetur:
1629 392 1810 438 habebis
1830 391 1944 437 idem
1973 405 2112 449 genus
2142 391 2300 435 amoris
2331 392 2376 434 et
2402 390 2615 446 licentiae,

324 458 534 504 absonum
582 461 688 504 illud
734 460 905 516 quidem
943 477 969 504 a
1004 464 1252 506 nostrorum
1295 464 1538 518 temporum
1580 461 1793 515 moribus,
1839 460 1914 504 sed
1958 460 2122 504 Romae
2159 462 2264 504 tunc
2298 459 2616 516 peruulgatam,

325 526 440 581 quod
459 525 675 581 Catullus,
696 527 945 584 Propertius
957 562 969 584 ,
990 528 1171 572 Ouidius
1191 529 1391 573 omnibus
1410 528 1550 572 modis
1571 528 1886 582 concelebrant,
1917 528 1964 569 in
1988 540 2038 571 eo
2060 527 2199 570 solum
2219 527 2274 570 ab
2293 526 2361 569 his
2381 525 2616 578 diuersum,

323 592 437 649 quod
467 593 628 639 femina
666 594 712 638 in
741 594 909 652 pulpita
944 596 1065 653 quasi
1100 595 1248 653 prodit
1283 595 1556 652 fabulamque
1591 595 1706 655 agit,
1743 594 1812 638 uir
1847 596 1967 638 muta
2008 593 2152 638 adstat
2185 607 2372 651 persona
2408 595 2483 637 aut
2518 595 2618 650 post

329 674 499 706 scenam
518 663 637 706 latet.
696 662 882 707 Valeant
909 663 1044 720 igitur
1063 664 1245 722 Gruppii
1275 664 1444 708 somnia
1470 663 1524 707 de
1549 664 1747 710 castitate
1776 665 1821 706 et
1848 664 2077 708 sanctitate
2107 663 2190 718 rei,
2220 662 2364 705 ualeat
2392 662 2523 705 etiam
2542 661 2619 704 illa

327 730 379 773 de
409 729 602 774 Cornuto
632 731 895 784 coniectura,
927 745 1011 787 qua
1038 732 1153 775 hunc
1181 732 1283 775 ficto
1312 729 1510 774 Cerinthi
1546 732 1723 774 nomine
1759 730 2021 788 appellatum
2060 745 2151 773 esse
2182 729 2447 786 eundemque
2478 728 2620 785 Sulpi·

324 799 432 843 ciam
452 811 628 842 uxorem
648 797 818 841 duxisse
839 800 1048 843 statuunt.
1098 799 1263 851 Quibus
1288 798 1464 845 tandem
1483 798 1611 841 rebus
1631 799 1788 840 nititur
1807 800 1909 840 haec
1928 798 2203 840 coniectura?
2232 797 2423 839 Primum
2444 812 2571 839 carm.
2592 797 2620 838 2

323 866 424 909 libri
443 866 486 909 II
506 866 643 908 multo
663 865 834 908 breuius
858 879 951 908 esse
970 870 1150 909 monent
1168 881 1295 924 quam
1315 869 1457 909 cetera
1471 866 1660 909 eiusdem
1681 867 1795 918 libri,
1815 867 1908 922 pari
1926 873 2065 908 autem
2086 865 2362 920 longitudine
2385 867 2429 906 et
2449 864 2619 907 dicendi

323 946 482 990 genere
511 936 639 990 atque
667 934 807 990 quarti
837 934 938 975 libri
967 935 1148 991 elegias3
1185 938 1279 976 tum
1316 935 1407 976 illic
1435 925 1521 976 non
1553 937 1653 990 apte
1681 934 1822 976 locum
1843 934 2038 976 obtinere
2052 966 2063 985 ,
2095 933 2207 988 quod
2239 947 2347 988 quae
2376 933 2620 986 contineat,

324 1003 462 1044 aliena
489 1003 578 1043 sint
607 1015 632 1042 a
666 1002 888 1056 proximis.
933 1001 1152 1056 Conced03
1183 1002 1257 1044 sed
1288 1002 1357 1044 his
1386 1003 1523 1044 causis
1553 1001 1597 1043 id
1634 1004 1803 1044 tantum
1834 1001 2040 1055 efficitur,
2071 1003 2120 1043 ut
2156 1015 2246 1042 non
2283 1002 2399 1042 certo
2437 998 2619 1042 consilio

323 1071 476 1127 poetae
501 1068 605 1110 illuc
630 1069 838 1111 insertum
868 1069 1089 1123 uideatur3
1119 1084 1208 1112 non
1237 1069 1439 1121 efficitur,
1466 1071 1527 1112 -ut
1553 1070 1784 1112 retractum
1811 1069 1870 1111 sit
1900 1083 1923 1110 e
1952 1070 2104 1123 quarto
2131 1067 2255 1110 libro.
2315 1065 2485 1110 Nomen
2514 1081 2617 1109 uero

325 1134 521 1179 Cerinthi
540 1160 590 1167 -
609 1135 711 1191 quid
733 1136 899 1190 obstat,
915 1138 1019 1192 quin
1034 1152 1183 1180 uerum
1198 1138 1367 1180 iuuenis
1388 1138 1518 1180 amati
1538 1137 1769 1179 habeamus
1781 1137 1804 1178 ⁴?
1823 1136 1928 1191 quin
1937 1136 2123 1179 Graecus
2136 1135 2266 1177 fuerit
2280 1161 2333 1168 —
2349 1137 2428 1178 aut
2442 1134 2620 1183 omnino

324 1219 412 1246 non
443 1203 594 1258 fuerit,
625 1202 698 1244 sed
729 1203 875 1247 fictum
906 1205 963 1246 sit
991 1219 1086 1247 cum
1116 1204 1291 1247 homine
1320 1204 1510 1247 nomen?
1541 1204 1652 1255 Quid
1682 1203 1987 1246 familiaritatis
2017 1204 2132 1245 inter
2160 1200 2357 1246 Cerinthi
2388 1216 2546 1246 nomen
2577 1203 2635 1244 ets

325 1268 505 1314 Cornuti
541 1268 800 1313 intercedit?
839 1269 959 1314 Idem
990 1273 1056 1314 est
1084 1271 1342 1327 syllabarum
1371 1285 1570 1316 numerus
1608 1272 1653 1315 et
1680 1272 1863 1327 tempus.
1924 1268 2007 1314 Sed
2038 1272 2335 1327 praeterquam
2365 1268 2476 1325 quod
2514 1268 2620 1312 haec

325 1353 450 1382 causa
463 1336 574 1381 nihil
589 1337 724 1391 ualet,
747 1338 832 1382 nisi
848 1338 956 1383 aliae
970 1339 1188 1392 accedunt,
1205 1338 1378 1384 doctum
1390 1341 1562 1395 poetam
1577 1339 1648 1382 uel
1670 1339 1881 1395 poetriam
1896 1336 2079 1381 Cornuti
2100 1351 2258 1381 nomen
2273 1337 2436 1381 Graeco
2452 1339 2621 1380 mutan·

325 1408 411 1449 tem
432 1403 628 1449 Cerinthi
642 1418 801 1449 nomen
819 1404 978 1448 idcirco
997 1407 1235 1450 uitaturum
1251 1406 1384 1450 fuisse
1403 1408 1523 1463 puto,
1543 1420 1598 1449 ne
1610 1405 1815 1449 mendose
1829 1403 1991 1448 'nomen
2013 1405 2290 1458 conuertisse,
2312 1420 2368 1447 ne
2391 1404 2444 1447 de
2465 1405 2619 1459 κέρατι

324 1473 538 1528 cogitasse
556 1473 863 1529 immemorque
884 1472 1014 1516 fuisse
1031 1472 1248 1516 videretur
1266 1472 1559 1530 corripiendae
1578 1473 1742 1530 primae
1757 1472 1958 1529 syllabae.
2003 1471 2149 1516 Vnum
2170 1474 2324 1528 restat,
2353 1472 2467 1528 quod
2492 1486 2620 1528 supra

324 1541 409 1585 iam
429 1539 668 1596 attigimus,
691 1539 803 1597 quod
834 1541 928 1584 tota
947 1541 1068 1597 quasi
1088 1540 1234 1585 fabula
1249 1541 1457 1584 amatoria
1476 1541 1639 1597 optime
1668 1539 1865 1584 concludi
1886 1542 1929 1583 et
1949 1540 2109 1597 expleri
2139 1539 2312 1583 uidetur
2333 1538 2547 1595 Sulpiciae
2576 1542 2621 1582 et

324 1604 521 1650 Cerinthi
541 1607 737 1650 conubio.
795 1607 918 1659 Quod
946 1608 1070 1664 quale
1090 1609 1148 1651 sit
1175 1611 1225 1651 ut
1243 1610 1359 1651 recte
1379 1609 1702 1665 intellegamus,
1731 1610 1777 1651 in
1797 1610 2048 1652 memoriam
2068 1609 2258 1651 reuocari
2279 1610 2323 1650 et
2351 1610 2452 1650 ante
2473 1608 2619 1650 oculos

323 1676 428 1733 poni
455 1689 562 1731 opus
590 1677 656 1717 est
688 1674 804 1719 haec.
842 1675 950 1718 Erat
983 1674 1189 1733 Sulpicia,
1219 1676 1356 1719 nobili
1388 1689 1547 1732 genere
1577 1676 1720 1732 puella
1748 1678 1792 1719 et
1817 1676 1976 1720 litteris
2009 1675 2197 1731 erudita3
2232 1678 2349 1718 amat
2380 1673 2618 1718 Cornutum

324 1741 561 1801 quendam3
577 1743 721 1800 captat
735 1742 932 1786 iuuenem
942 1777 954 1799 ,
968 1742 1232 1801 redamatu13
1246 1744 1403 1787 nesciis
1417 1744 1668 1800 parentibus
1684 1745 1852 1800 saepius
1868 1745 2151 1798 conueniunt,
2168 1743 2459 1786 concumbunt
2468 1744 2618 1797 etiam,

324 1810 430 1854 haec
440 1811 635 1854 uersibus
651 1810 828 1854 mandat
837 1811 1026 1867 Sulpicia
1040 1813 1264 1868 supposito
1279 1827 1358 1868 pro
1369 1811 1563 1856 Cornuto
1577 1811 1775 1856 Cerinthi
1791 1814 1988 1867 nomine3
2006 1813 2158 1855 recitat
2172 1826 2321 1855 uersus
2336 1813 2382 1854 in
2394 1810 2621 1854 Messallae

326 1877 475 1933 domo3
512 1878 684 1935 placent
721 1877 917 1934 Tibu1103
946 1879 1039 1935 ipse
1076 1893 1166 1922 rem
1203 1880 1399 1923 uersibus
1435 1880 1726 1936 persequitur3
1763 1879 1939 1923 tandem
1968 1880 2145 1935 nuptiae
2182 1879 2295 1921 fiunt
2332 1876 2546 1935 Sulpiciae
2575 1878 2621 1920 et

324 1942 508 2005 Cornuti
527 1971 582 1976 —
603 1945 706 2001 quid
726 1946 849 1987 tum?
878 1946 969 2000 igni
988 1945 1179 2000 profecto
1209 1947 1486 1989 mandassent
1505 1947 1838 1990 concremandos
1854 1948 1933 1990 hos
1950 1962 2119 2002 uersus,
2150 1948 2187 1990 si
2207 1962 2276 1990 res
2291 1947 2354 1989 ita
2368 1961 2414 1989 se
2428 1946 2619 1997 haberet,

325 2026 405 2055 nec
440 2014 665 2070 quicquam
686 2014 904 2069 antiquius
929 2013 1182 2056 habuissent
1218 2014 1438 2070 Tibullus,
1470 2013 1677 2071 Sulpicia,
1707 2016 1832 2057 amici
1862 2030 2021 2070 eorum,
2052 2030 2179 2070 quam
2207 2016 2257 2057 ut
2287 2013 2474 2058 furtiuae
2503 2013 2620 2057 illius

324 2080 647 2134 consuetudinis
667 2081 873 2128 memoria
899 2082 1039 2123 omnis
1073 2081 1305 2137 deleretur,
1335 2097 1391 2124 ne
1414 2083 1553 2138 turpis
1573 2084 1712 2138 stupri
1741 2083 1906 2125 macula
1925 2098 2039 2125 nouo
2060 2082 2306 2126 inhaereret
2325 2081 2618 2125 matrimonio.

325 2147 415 2189 Aut
435 2147 652 2189 communi
681 2161 810 2189 sensu
839 2147 965 2202 plane
985 2148 1157 2190 carebat
1186 2147 1383 2191 Tibullus
1412 2151 1487 2192 aut
1515 2148 1597 2192 hoc
1619 2165 1709 2192 non
1739 2150 1973 2201 commisit,
2004 2152 2052 2193 ut
2082 2149 2339 2205 coniugibus
2368 2149 2446 2192 tali
2475 2147 2621 2192 condi·

324 2214 446 2277 cione
475 2214 716 2276 coniunctis
744 2214 884 2270 primo
903 2214 1048 2257 mariti
1077 2216 1177 2271 post
1203 2216 1376 2272 nuptias
1398 2215 1468 2259 die
1482 2215 1616 2259 natali
1646 2215 1692 2259 id
1712 2231 1883 2260 carmen
1911 2217 2173 2272 porrigeret,
2206 2215 2320 2271 quod
2350 2217 2620 2272 peccatorum

325 2297 498 2326 suorum
529 2283 650 2339 quasi
682 2282 899 2338 epilogum
931 2282 994 2325 illi
1024 2282 1246 2335 haberent,
1277 2284 1406 2340 quod,
1437 2285 1473 2327 si
1505 2298 1604 2328 casu
1633 2286 1752 2328 totus
1782 2285 1857 2329 ille
1886 2284 2059 2328 libellus
2090 2284 2136 2327 in
2166 2284 2324 2341 uulgus
2353 2283 2619 2341 proderetur,

324 2350 574 2404 testimonio
596 2351 709 2393 esset
736 2350 895 2406 populo
918 2348 1165 2406 Sulpiciam,
1196 2352 1385 2394 nobilem
1415 2352 1534 2395 illam
1553 2354 1816 2408 matronam,
1847 2367 1943 2396 cum
1959 2352 2141 2406 Veneris
2170 2352 2331 2409 gaudia
2358 2366 2384 2395 a
2412 2349 2619 2393 Cerintho

324 2417 508 2479 quodam
552 2417 636 2460 sibi
680 2416 875 2473 praebita
916 2420 1110 2472 caneret,
1164 2432 1253 2462 non
1297 2419 1397 2462 ficta
1439 2422 1663 2475 poetarum
1714 2434 1834 2464 more
1877 2422 2080 2473 iactasse,
2124 2420 2199 2463 sed
2245 2423 2350 2463 tunc
2393 2421 2478 2462 iam
2522 2433 2619 2461 eum

324 2482 562 2547 amplexam
593 2501 705 2541 esse,
737 2487 805 2528 cui
833 2499 950 2540 nunc
978 2489 1091 2529 esset
1121 2501 1296 2531 consors
1327 2489 1424 2532 tori.
1482 2489 1611 2532 Absit
1638 2489 1721 2531 hoc
1757 2488 2087 2531 inhumanitatis
2118 2490 2162 2530 et
2196 2488 2432 2544 impietatis
2461 2486 2619 2529 crimen

324 2571 349 2598 a
377 2552 565 2598 Tibullo.
622 2553 760 2597 Immo
784 2546 892 2596 ‘uero
912 2554 986 2608 qui
1040 2567 1129 2597 non
1159 2557 1251 2598 erat
1270 2552 1451 2598 Cornuti
1481 2569 1589 2599 uxor
1608 2554 1817 2612 Sulpicia,
1847 2556 2035 2599 carmine
2065 2555 2216 2613 elegiis
2247 2554 2334 2599 suis
2364 2553 2620 2612 Sulpicianis

324 2624 368 2665 et
409 2620 685 2677 longitudine
730 2622 774 2663 et
818 2619 955 2676 reliqu
1026 2620 1164 2664 forma
1203 2621 1422 2666 simillimo
1468 2622 1537 2666 die
1574 2622 1710 2667 natali
1748 2621 1987 2667 Cornutum
2033 2622 2219 2667 salutare
2256 2636 2383 2666 ausus
2422 2623 2501 2666 est.
2566 2619 2620 2665 In

324 2691 384 2733 eis
405 2691 547 2732 autem
577 2687 660 2731 hoc
679 2701 850 2730 carmen
875 2686 1185 2730 numerandum
1217 2691 1304 2746 est,
1335 2703 1442 2746 quae
1472 2689 1693 2732 sollemnis
1714 2689 1800 2732 diei
1830 2690 2051 2733 occasione
2071 2689 2172 2731 data
2191 2689 2335 2731 subito
2365 2688 2619 2741 funduntur,

321 2760 371 2801 ut
408 2756 543 2800 amico
583 2754 714 2799 officii
743 2746 1154 2812 beneuolentiaeque
1184 2756 1399 2812 specimen
1427 2757 1651 2813 offeratur,
1682 2757 1778 2800 leue
1804 2771 1919 2804 ¹sane
1948 2770 2086 2813 genus
2117 2758 2160 2799 et
2189 2757 2257 2799 cui
2303 2757 2501 2811 exiguam
2531 2756 2619 2811 ple-

323 2839 501 2883 rumque
531 2838 705 2881 operam
734 2825 927 2865 auctores
956 2837 1115 2865 nauare
1146 2824 1327 2867 soleant.
1385 2824 1596 2868 Leuitatis
1628 2825 1802 2881 quidem
1834 2825 2052 2867 cuiusdam
2091 2827 2135 2866 et
2170 2824 2358 2867 incuriae
2388 2826 2474 2878 est,
2505 2822 2620 2878 quod

323 2891 496 2936 aliunde
524 2906 615 2934 non
643 2905 778 2947 pauca
805 2888 889 2932 huc
917 2890 1150 2934 transferre
1179 2904 1268 2942 non
1298 2890 1514 2935 dubitauit
1543 2894 1686 2947 poeta.
1746 2891 1958 2948 Compara
1988 2893 2101 2935 enim

497 3027 559 3083 ll.
590 3027 640 3083 2,
671 3028 698 3069 5
727 3042 819 3083 sqq.
861 3025 959 3082 Ipse
989 3041 1088 3069 suos
1119 3027 1280 3069 Genius
1311 3027 1425 3068 adsit
1455 3028 1625 3070 uisurus
1655 3027 1866 3082 honores,

904 3096 988 3136 -cui
1016 3094 1219 3137 decorent
1247 3097 1418 3137 sanctas
1446 3095 1594 3137 mollia
1623 3096 1739 3135 serta
1767 3108 1929 3148 comas3

865 3162 981 3205 illius
1011 3176 1118 3217 puro
1150 3160 1372 3205 destillent
1400 3164 1595 3218 tempora
1624 3160 1779 3217 nardo,

924 3232 1051 3287 atque
1081 3232 1199 3274 satur
1228 3229 1319 3273 libo
1348 3229 1407 3273 sit
1435 3228 1688 3287 madeatque
1717 3244 1836 3273 mero
1860 3255 1909 3262 —

795 3298 823 3341 3
852 3300 1032 3340 urantur
1059 3298 1130 3354 pia
1158 3299 1256 3340 tura
1284 3296 1410 3354 focis,
1441 3299 1620 3341 urantur
1648 3297 1854 3353 honores,

919 3378 1026 3427 quos
1057 3366 1181 3407 tener
1210 3379 1233 3411 e
1262 3366 1377 3412 terra
1406 3364 1540 3412 diuite
1569 3364 1707 3408 mittit
1736 3365 1876 3414 Arabs
1910 3390 1961 3403 —v
