3196 3930
0 0 88 41 'sm
148 2 150 4 ’
169 0 183 26 ᾳ,

1453 221 1479 273 7

600 387 603 389 -
642 357 857 404 Natalis
888 357 1041 414 Iuno,
1079 359 1222 414 inquit
1250 360 1395 415 poeta,
1417 360 1632 401 sanctos
1662 371 1789 413 cape
1818 357 1955 400 turis
1984 370 2225 412 aceruos,

698 440 826 482 quos
856 426 961 468 tibi
990 425 1080 469 dat
1108 429 1294 469 tenera
1323 425 1479 469 docta
1505 425 1686 482 puella
1714 440 1865 469 manu
1897 450 1948 456 -

537 496 726 551 Magne
763 495 921 550 Geni,
952 494 1093 550 inquit
1122 493 1334 553 Sulpicia,
1366 509 1490 552 cape
1520 496 1641 539 tura
1677 493 1875 551 libens,
1904 507 2012 550 quos
2041 493 2123 538 tibi
2152 493 2340 537 sancto
2370 490 2440 534 die
2469 488 2616 535 Cerin-

315 562 417 608 thus
446 563 532 609 dat.
559 563 788 620 Pei-peram
818 563 934 607 enim
955 561 1180 621 Disaenius
1209 563 1539 620 interpretatur:
1566 562 1687 606 misit
1710 562 1858 619 puella
1886 562 2025 607 Genio
2055 564 2152 605 tura
2180 548 2225 602 el
2253 561 2384 616 rogat
2413 573 2535 615 eum,
2564 561 2616 601 ut

315 631 430 675 uotis
460 631 623 686 faueat,
668 644 776 686 quae
804 631 899 687 ipsa
926 630 1066 674 faciat.
1127 630 1259 682 Quasi
1287 645 1388 674 vero
1420 629 1610 687 Sulpicia
1638 630 1777 674 dicere
1806 631 1964 686 possit:
2002 631 2116 673 uotis
2145 629 2253 671 meis
2284 627 2427 670 saneto
2441 661 2452 680 ,
2490 627 2615 682 Geni,

316 699 345 743 i.
376 712 412 743 e.
441 698 528 751 fac,
556 700 608 742 ut
635 698 710 742 ille
738 711 807 741 me
837 700 1022 740 amet—
1039 712 1140 740 nam
1169 698 1274 741 haec
1303 712 1469 741 summa
1498 700 1565 741 est
1586 700 1785 740 uotorum
1815 698 1904 740 eius
1923 698 2032 738 —si
2061 696 2211 751 modo,
2242 710 2339 737 cum
2368 694 2422 737 de
2451 709 2520 737 me
2549 708 2617 737 co·

317 767 450 822 gitat,
479 766 554 809 ille
583 766 713 821 calet,
744 766 772 807 i.
805 780 839 807 e.
871 765 908 807 si
937 764 1066 808 modo
1095 780 1164 808 me
1193 767 1322 808 amat.
1381 765 1547 808 Verum
1578 765 1631 807 ad
1662 765 1729 819 id,
1759 764 1875 819 quod
1904 765 2135 820 coepimus,
2165 762 2401 806 redeamus.

457 866 612 909 Poetae
697 866 887 909 Vritur
914 864 1094 923 (Sulp.),
1124 868 1180 909 ut
1209 865 1414 909 celeres
1443 868 1606 909 urunt
1634 865 1836 909 altaria
1864 865 2130 920 flammae,

787 947 901 988 nec,
931 933 1094 975 liceat
1124 934 1381 988 quamuis,
1412 948 1538 976 sana
1567 934 1737 976 fuisse
1766 933 1905 975 uelit
1932 958 1989 965 -—

430 999 637 1056 Sulpicia:
696 999 835 1043 Vror
863 1014 961 1056 ego
991 1002 1116 1043 ante
1145 1000 1300 1054 alias,
1332 1001 1485 1044 iuuat
1511 999 1630 1056 hoc,
1661 998 1947 1055 Cerinthe,
1979 999 2121 1055 quod
2153 1013 2287 1042 uror.

517 1100 568 1143 In
614 1115 720 1144 uoce
756 1103 886 1144 etiam
922 1102 1112 1144 urendi
1148 1102 1378 1157 utrobique
1414 1102 1598 1157 repetita
1648 1101 1925 1144 assimulandi
1970 1101 2159 1143 studium
2202 1101 2392 1155 apparet.
2449 1098 2616 1141 Eodem

317 1166 445 1210 modo
475 1168 693 1209 sanctus
722 1173 904 1222 utroque
934 1168 1121 1209 carmine
1151 1168 1217 1210 bis
1248 1169 1524 1223 usurpatum:
1568 1167 1595 1210 6
1624 1171 1842 1210 sanctos
1880 1181 2103 1210 aceruos
2142 1168 2228 1223 (l),
2258 1167 2468 1221 sancta,
2498 1165 2616 1208 faue

318 1234 407 1292 (7);
436 1235 465 1278 5
494 1236 717 1278 sanctus
749 1234 862 1279 dies
894 1236 973 1293 (1),
1004 1238 1210 1291 sancte,
1241 1235 1493 1291 relinque
1516 1234 1625 1292 (12).
1667 1236 1731 1279 Ac
1759 1237 1810 1278 ut
1837 1250 1892 1278 ne
1921 1234 1998 1278 illa
2026 1233 2198 1290 quidem
2228 1234 2489 1290 comparatio
2518 1246 2615 1276 arae

317 1305 412 1346 ture
437 1302 615 1346 calentis
645 1305 689 1345 et
718 1305 849 1347 animi
880 1319 1023 1348 amore
1053 1305 1232 1348 calentis
1262 1305 1395 1347 semel
1425 1307 1594 1346 tantum
1624 1304 1893 1359 instituatur,
1924 1303 1994 1345 hic
2023 1303 2228 1359 scriptum
2258 1302 2464 1357 legimus:
2508 1302 2616 1345 uri-

317 1372 403 1411 tur
434 1372 492 1411 ut
521 1369 761 1413 flammae
790 1372 989 1414 altaria
1016 1375 1179 1414 urunt
1206 1397 1262 1403 -—
1291 1373 1403 1414 illic:
1433 1386 1558 1427 cape
1586 1375 1729 1427 tura,
1760 1372 1804 1414 si
1835 1371 1984 1413 modo
2015 1371 2110 1413 ille
2139 1371 2298 1424 calet,
2329 1385 2414 1424 quo
2444 1369 2617 1424 quidem

316 1436 411 1477 loco
441 1436 521 1478 etsi
551 1450 641 1478 non
671 1436 830 1495 diserte
858 1438 1000 1481 uerbis
1032 1439 1285 1494 exprimitur
1321 1439 1425 1481 haec
1462 1438 1721 1495 similitudo,
1752 1441 1898 1481 tamen
1935 1439 2039 1481 satis
2077 1439 2299 1494 perspicue
2336 1435 2616 1492 significatur.

317 1501 407 1545 Nec
435 1505 576 1546 minus
605 1504 651 1546 in
680 1506 864 1559 utroque
893 1507 1080 1548 carmine
1110 1520 1205 1548 cum
1235 1505 1413 1549 seruitio
1443 1520 1562 1548 amor
1592 1505 1835 1550 confertur:

317 1570 358 1623 6,
389 1569 417 1613 9
446 1585 508 1624 sq.
585 1596 640 1603 —-
673 1571 773 1614 ulli
803 1586 908 1615 non
938 1572 1032 1615 ille
1060 1573 1278 1628 puellae

646 1638 851 1682 seruire
881 1640 968 1682 aut
996 1639 1235 1696 cuiquam
1267 1639 1485 1696 dignior
1513 1640 1609 1683 illa
1638 1640 1756 1684 uiro
1787 1664 1840 1671 —

317 1705 357 1759 5,
386 1704 414 1746 4
444 1717 507 1760 sq.
586 1704 655 1749 Te
683 1708 939 1748 nascente
968 1720 1159 1749 nouum
1189 1706 1385 1749 Parcae
1414 1709 1662 1750 cecinere
1689 1709 1886 1763 puellis
1917 1709 2215 1750 seruitium.
2251 1732 2298 1738 ——

518 1772 740 1815 Accedunt
769 1773 853 1816 alia
881 1773 1084 1816 mirificae
1115 1774 1374 1818 imitationis
1403 1776 1617 1832 exempla:

317 1840 358 1894 6,
388 1839 415 1881 8
443 1842 591 1895 poeta:
622 1840 828 1896 iuueni,
858 1840 1014 1897 inquit,
1044 1856 1262 1896 quaeso,
1293 1845 1473 1885 mutua
1502 1844 1688 1886 uincla
1717 1858 1920 1898 para—

317 1907 357 1962 5,
390 1907 426 1950 7.
459 1908 511 1950 13
541 1921 633 1963 sqq.
666 1906 875 1964 Sulpicia:

643 1975 859 2020 Mutuus
890 1975 1032 2020 adsit
1060 1991 1204 2021 amor
1232 2002 1288 2009 -—

1332 2070 1379 2076 —-
1413 2046 1498 2089 uel
1527 2047 1731 2089 seruiat
1759 2061 1926 2102 aeque

731 2112 948 2156 uinctus
977 2115 1199 2168 uterque
1227 2113 1355 2166 tibi,
1386 2115 1470 2156 uel
1499 2128 1609 2157 mea
1637 2115 1822 2157 uincla
1849 2115 1988 2169 leua,

644 2179 734 2221 sed
762 2179 944 2235 potius
974 2179 1154 2221 ualida
1181 2182 1458 2223 teneamur
1486 2183 1714 2236 uterque
1744 2184 1944 2225 catena.
1977 2207 2024 2212 —

320 2245 360 2298 6,
394 2245 447 2287 19
476 2259 537 2300 sq.
566 2248 716 2301 poeta:
1018 2273 1065 2278 —
1100 2247 1283 2290 ueniet
1311 2263 1421 2291 cum
1459 2249 1733 2304 proximus
1773 2264 1943 2292 annus

750 2314 834 2356 hic
861 2313 998 2356 idem
1035 2315 1180 2357 uotis
1209 2316 1309 2358 iam
1344 2318 1497 2359 uetus
1535 2315 1681 2359 adsit
1716 2331 1877 2361 amor.

316 2380 355 2434 5,
389 2380 440 2422 16
470 2378 680 2436 Sulpicia:
746 2405 803 2412 —
831 2381 984 2424 nulla
1019 2384 1177 2438 queat
1211 2382 1436 2438 posthac
1472 2398 1566 2427 nos
1604 2384 1837 2427 soluisse
1868 2384 1995 2427 dies.

517 2447 635 2491 Nota
663 2448 793 2491 etiam
821 2450 1053 2505 repetitum
1082 2449 1189 2493 illud
1220 2449 1366 2494 adsit
1394 2466 1553 2495 amor.

317 2514 357 2568 6,
393 2514 445 2557 15
473 2530 537 2570 sq.
568 2517 612 2558 et
639 2516 678 2570 5,
715 2516 766 2559 18
795 2532 859 2572 sq.
889 2521 940 2561 de
969 2517 1220 2561 occultanda
1248 2532 1294 2561 re
1324 2518 1544 2562 simillima
1571 2521 1819 2562 occurrunt:

595 2582 657 2638 (6)
687 2582 993 2640 Praecipiat
1028 2585 1186 2628 natae
1222 2586 1390 2628 mater
1429 2585 1676 2629 studiosa
1712 2586 1850 2642 quod
1889 2589 2062 2642 optet:

788 2651 889 2695 illa
923 2651 1068 2695 aliud
1105 2652 1294 2704 tacita,
1333 2653 1433 2695 iam
1462 2667 1573 2709 sua,
1612 2655 1786 2696 mente
1825 2657 1986 2708 rogat
2014 2678 2070 2685 —

589 2719 653 2775 ᾧ)
684 2719 846 2773 Optat
881 2719 1017 2761 idem
1051 2712 1288 2774 iuuenis,
1328 2720 1466 2774 quod
1502 2736 1619 2776 nos,
1663 2721 1753 2763 sed
1791 2723 1986 2764 tectius
2025 2724 2198 2776 optat:

815 2800 929 2827 nam
964 2777 1127 2841 pudet
1163 2784 1291 2828 haec
1327 2785 1483 2829 illum
1519 2786 1699 2830 dicere
1735 2788 1898 2831 uerba
1932 2789 2118 2843 palam.

541 2851 687 2897 Vnum
717 2855 930 2910 superest,
962 2851 1075 2910 quod
1106 2867 1228 2896 suum
1258 2853 1563 2910 propriumque
1592 2855 1700 2912 eleg.
1732 2855 1758 2897 6
1787 2855 1945 2899 habere
1974 2855 2165 2910 uidetur-3
2219 2856 2341 2910 optat
2370 2857 2519 2910 poeta,
2561 2870 2615 2897 ue

324 2919 471 2963 furtim
504 2922 725 2977 congressi
755 2928 945 2965 amantes
975 2921 1348 2978 deprehendantur
1376 2923 1423 2964 in
1452 2922 1593 2965 media
1622 2923 1864 2978 uoluptate:

595 3002 689 3031 nec
725 2990 903 3045 possit
940 2988 1164 3044 cupidos
1211 2989 1454 3043 uigilans
1499 2990 1831 3044 deprendere
1878 2992 2063 3030 custos

762 3057 1102 3113 fallendique
1146 3059 1263 3099 uias
1299 3057 1449 3099 mille
1476 3057 1757 3099 ministret
1784 3071 1928 3099 amor
1962 3082 2011 3089 —

317 3121 392 3164 sed
421 3123 606 3165 strictim
636 3127 750 3168 certe
786 3125 939 3180 quinta
967 3138 1136 3179 quoque
1165 3124 1305 3178 elegia
1331 3123 1459 3166 huius
1488 3124 1551 3165 rei
1580 3124 1630 3165 fit
1660 3124 1846 3179 mentio,
1892 3139 1989 3166 cum
2028 3122 2219 3180 Sulpicia
2247 3123 2505 3169 Corinthum
2543 3124 2619 3168 ob·

318 3190 503 3231 testatur
530 3205 621 3245 per
650 3192 960 3234 dulcissima
988 3191 1144 3233 furta.
1205 3190 1342 3240 Quem
1370 3190 1514 3233 locum
1543 3190 1772 3246 Gruppius,
1802 3192 1848 3233 ui
1880 3191 1926 3233 in
1964 3191 2153 3235 transitu
2189 3191 2271 3235 hoc
2309 3192 2615 3248 perstringam,

321 3256 382 3297 sic
410 3256 708 3310 explicandum
738 3261 884 3302 censet
920 3258 1070 3313 (liceat
1098 3259 1240 3300 autem
1282 3257 1377 3312 ipsa
1405 3258 1648 3313 germanica
1678 3257 1767 3300 eius
1796 3258 1929 3301 uerba
1958 3258 2121 3313 afferre,
2152 3273 2207 3302 ne
2236 3257 2339 3314 quid
2369 3272 2517 3302 eorum
2545 3272 2618 3315 pe-

319 3325 412 3365 reat
439 3323 486 3365 in
516 3325 847 3380 conuertendo):
876 3324 937 3368 Es
958 3325 1017 3368 ist
1035 3324 1143 3380 klar,
1174 3323 1254 3367 wie
1283 3339 1382 3368 man
1412 3323 1482 3368 die
1504 3322 1750 3369 dulcissima
1769 3323 1885 3368 furta
1904 3339 1953 3368 zu
1976 3324 2203 3369 verstehen
2223 3324 2355 3368 habe:
2385 3326 2616 3382 vertraute,

320 3389 627 3434 unbelauschte
656 3391 1079 3449 Zusammenkflnfte,
1108 3391 1262 3448 Kflsse,
1293 3391 1633 3448 Umarmungen,
1664 3391 1807 3436 nichts
1838 3392 1973 3437 mehr.
2003 3391 2230 3448 Ingentem
2260 3391 2454 3448 profecto
2484 3393 2616 3435 risum
